2376 4238
279 219 337 280 nu
414 213 717 278 COMPEND.
757 217 1028 296 ANATOM.

436 377 566 438 Radiaeus
580 381 718 449 internus,
741 379 791 456 qui
806 381 888 457 juxta
902 381 1012 441 radium
1026 385 1126 464 pergit

474 467 566 528 versus
580 469 735 546 pollicem
758 470 808 528 ubi
822 469 872 528 sub
887 473 1041 532 abductare
1061 479 1122 552 ejus

272 400 406 796 ἕ
400 394 415 651 i
475 563 584 631 transit,
606 575 635 619 et
648 559 727 618 abit
719 581 747 618 tn
758 560 916 640 capitulum
925 563 1050 643 superius
1059 564 1122 625 offis

284 797 325 1052 ῑ
396 656 412 987 i

474 666 628 727 metacarp1
621 648 754 707 iudicio.

434 732 474 790 Ul
473 737 552 790 naris
566 737 597 789 in
600 742 718 788 trernus
711 726 870 787 ·finitur
861 751 889 787 ru
914 699 1027 792 ossiculo
1039 733 1119 812 carpi

471 822 584 879 interno
597 818 703 876 ordinis
720 817 745 896 Ι.

433 911 578 972 Palmaris
594 907 671 988 (a).·
664 890 807 966 ·tendine
830 905 901 978 lato,
923 908 1053 987 expanso,
1076 911 1117 972 in-

472 1005 572 1065 seritur
585 1000 686 1081 palmae
701 1021 812 1070 manus,
833 1023 919 1078 quam
934 1021 1047 1078 quoque
1067 1004 1118 1060 ali·

473 1120 530 1180 quo
547 1098 630 1158 modo
645 1093 836 1176 constringere
849 1096 970 1154 videtur.

351 1193 533 1264 Extensores,
555 1213 669 1274 quoque
684 1204 762 1252 tres·
786 1193 836 1270 qui
849 1214 946 1254 omues
961 1193 1117 1255 oriuntura

386 1280 518 1367 condylo
532 1280 644 1340 humeri
658 1295 786 1351 externo,
807 1281 927 1359 suntque

314 1381 330 1450 s
352 1369 482 1430 Radiaeus
497 1382 638 1438 externus,
661 1370 768 1452 Longus
782 1381 810 1430 et
826 1371 940 1440 Brevis,
961 1368 1039 1429 alias
1037 1395 1116 1450 quo·

391 1487 446 1542 que
462 1468 591 1525 Bicornis
605 1464 697 1524 elisius
715 1464 790 1545 (b)=·
806 1487 927 1544 quorum
938 1466 1020 1538 aiter,
1041 1471 1116 1548 parti

389 1557 521 1618 exteriori
543 1557 604 1616 offis
630 1556 787 1635 metacarpi
809 1557 915 1636 primi}
944 1561 1027 1631 alter,
1056 1563 1115 1624 offis

389 1650 543 1729 metacarpi
558 1649 669 1709 secundi
682 1649 821 1708 inseritur.

350 1746 476 1817 Ulnaris‚
491 1731 540 1805 ‘vel
564 1746 703 1805 cubitalis
718 1755 871 1804 externus:
891 1744 990 1804 desinit
1014 1745 1043 1804 in
1063 1749 1118 1809 offe

389 1838 554 1917 metacarpi‚
575 1838 700 1920 digitum
714 1837 902 1895 auricularem
916 1836 1076 1897 sustinente.

267 1928 299 1990 Si
314 1931 430 1991 musculi
444 1931 539 1991 radici
562 1952 659 1991 omues
682 1931 761 1989 simul
784 1944 886 2011 agunt,
909 1929 1117 2008 quiescentibus
1168 1919 1169 1926 ἵ

305 2021 463 2092 usuaribus,
491 2041 589 2098 manus
605 2019 761 2078 extrorsum
784 2033 934 2088 movetur;
957 2031 985 2077 et
1006 2035 1118 2092 contra,

306 2110 421 2184 quando
435 2111 493 2168 duo
514 2108 637 2177 ulnares,
660 2106 868 2184 quiescentibus
894 2104 1015 2175 radiaeis,
1036 2110 1118 2169 simul

306 2220 419 2285 agunt3
453 2206 579 2263 trahitur
607 2225 705 2263 manue
733 2202 895 2262 introrsum·
939 2204 1120 2266 Coercentur

305 2297 464 2376 quoquehi
487 2297 604 2356 musculi
626 2317 716 2374 prope
744 2317 863 2375 carpum
887 2295 1013 2371 quodam
1042 2297 1120 2378 liga·
1167 2299 1168 2328 Ι

304 2406 411 2473 mento,
433 2389 520 2472 vulgo
535 2391 670 2450 annulari
684 2385 783 2459 dieto}
807 2389 884 2465 quod
896 2407 960 2444 vero
975 2388 1118 2470 ligamen-

217 2511 221 2520 ’
304 2501 367 2545 tum
381 2485 496 2564 proprie
511 2505 568 2542 non
582 2483 723 2542 annulare
737 2479 764 2538 in
780 2480 948 2540 sessionibus
964 2483 1119 2559 reperitur,

305 2581 376 2640 sicut
391 2578 478 2658 vulgo
493 2598 509 2634 a
523 2575 648 2644 Vesano,
670 2573 786 2651 allisque
807 2573 890 2652 pingi
905 2573 995 2644 solet;
1018 2575 1067 2636 sed
1081 2577 1121 2634 est

303 2675 399 2752 potius
414 2671 583 2729 membranae
605 2667 773 2735 communis,
795 2685 890 2721 omnes
914 2665 1067 2737 musculos,
1090 2667 1122 2724 in

206 2817 209 2823 .
303 2765 403 2824 cubito
417 2777 445 2821 et
459 2783 546 2840 carpo
573 2759 739 2825 collocatos,
761 2756 798 2813 ob
826 2754 1122 2837 melioremuipsorum
1166 2753 1167 2762 ¹

304 2857 444 2918 aiiionem
460 2851 627 2914 includentis
642 2870 718 2928 pars,
740 2849 785 2907 cui
807 2848 835 2905 in
859 2853 1130 2927 praeparatiouibus'

304 2953 398 3036 figura
413 2949 509 3008 annuli
523 2950 607 3006 datur
624 2941 682 3023 (c).
726 2942 762 3000 In
777 2941 860 3001 dorso
874 2945 953 3022 carpi
969 2945 1117 3004 robustius

304 3048 354 3114 est,
378 3057 405 3102 et
420 3045 498 3102 fibrae
513 3038 663 3101 manifestae
684 3037 833 3096 annulares
856 3036 886 3095 in
901 3058 944 3118 eo
958 3039 1125 3117 deprehen·

304 3141 421 3198 duntur.

264 3247 335 3326 336.
351 3245 584 3310 Peruenmanus
595 3215 663 3300 alias
677 3239 735 3297 duo
749 3231 939 3294 constrinoreu
950 3228 1127 3291 adscribun-

302 3355 362 3411 tur,
383 3354 506 3416 quorum
532 3335 640 3413 primus
666 3334 811 3393 Palmarr's
831 3323 934 3398 dictus,
952 3327 1013 3408 jam
1027 3325 1127 3404 binter

998 3419 1131 3481 nexores

293 3499 332 3568 (a)
350 3500 374 3548 si
386 3499 456 3558 adest,
475 3515 530 3548 narn
542 3501 602 3564 saepe
610 3513 663 3547 eum
674 3498 769 3548 deficere
779 3497 837 3548 vidi.

296 3577 331 3643 (b)
352 3579 501 3645 Quandoque
510 3580 637 3626 tricornem
648 3579 730 3638 reperi.

298 3651 333 3718 (c)
350 3653 403 3703 vid.
417 3651 499 3702 Vesuii
508 3653 637 3704 runseuror.
656 3656 719 3706 Ταῦ.
733 3666 790 3708 unet
803 3673 842 3708 2·-
