2424 4092
366 173 416 239 De
435 184 634 250 Nznvonun
658 189 885 272 Senucnunn.
1018 240 1076 300 ης

228 341 348 390 motum
362 337 597 424 diaphragmatis
618 371 635 410 a
649 353 751 430 fluido,
777 363 807 422 in
821 367 868 429 his
894 375 990 436 nervis
1001 402 1074 442 con·

234 433 331 495 tento,
354 433 426 492 oriri
443 453 472 496 et
488 441 649 507 instaurari.
873 506 877 518 .

159 515 215 574 ὗ.
244 518 339 578 Somni
352 539 382 581 et
396 531 567 608 vigiliarum
579 553 687 603 natura
702 547 761 608 line
775 551 926 630 spiritibus
939 579 990 624 aut
1001 568 1071 626 -flui-

230 606 270 662 do
286 628 392 670 nerveo
407 614 534 702 intelligi
549 631 627 689 recle
643 638 758 712 nequit,
781 659 812 702 et
835 669 920 710 nemo
941 676 1004 728 eam
1019 663 1071 720 ad-

226 696 288 756 huc
303 701 361 760 fine
378 707 423 764 his
440 713 517 773 clare
531 724 673 798 exposuit.
1005 819 1008 824 ,

162 797 203 854 7.
237 785 301 844 Cur
315 812 335 848 a
350 798 443 855 nimia
458 826 570 878 venere,
585 807 734 890 presertim
749 823 779 882 in
795 829 1002 912 debilioribus,
1018 861 1070 908 ant

214 877 470 959 minus.r0bustis‚
494 910 578 958 tanta
594 903 665 984 saepe
679 909 821 988 sequatur
843 928 988 1005 debilitas,
1012 941 1069 1003 fine

610 997 726 1074 concipi
742 1024 800 1060 non
816 1019 923 1085 potest.

609 1089 748 1148 is‘nimiis
766 1099 810 1153 vel
827 1101 856 1157 in
872 1110 973 1170 multis
989 1138 1069 1178 mor·
1144 1152 1149 1164 1

297 1165 327 1208 et
342 1157 504 1230 praesertim
519 1167 669 1230 subitanea
683 1176 734 1235 illa
750 1188 863 1245 virium
866 1199 1021 1270 prostratio
1035 1215 1067 1269 in

142 1426 265 1500 9.{Ex
279 1433 837 1532 incrementoetaccretioneplantarum
850 1493 885 1530 ac
896 1479 1062 1567 bullitum,

195 1507 291 1566 verbi
304 1517 431 1591 -gratia,·
446 1528 621 1601 cerasorum,
644 1557 820 1619 prunorum,
844 1557 898 1612 &c
925 1560 960 1617 in
1048 1607 1062 1621 .

193 1622 272 1658 rum
303 1607 476 1679 pedunculis
505 1617 586 1675 fibrae
616 1625 673 1683 line
701 1633 880 1698 cavitatibus
911 1668 969 1708 con

971 1655 988 1711 s
1006 1658 1061 1717 ici-

189 1701 309 1757 untnr‚
325 1705 354 1748 et
370 1709 467 1757 tamen
482 1697 596 1764 luccum
610 1712 665 1770 five
682 1717 808 1780 fluidum
824 1725 913 1809 longe
927 1757 960 1794 cr
983 1679 1004 1732 p

962 1745 1045 1806 allius

192 1795 298 1851 quam
315 1799 450 1843 uerveum
467 1791 519 1848 effe
534 1797 665 1870 ponitur,
688 1809 771 1880 quod
787 1832 844 1870 uon
867 1819 961 1881 solum
976 1792 1059 1891 froci

188 1875 280 1932 tum,
305 1867 354 1924 sed
367 1871 546 1936 durillimum
563 1885 698 1946 nucleum
721 1893 826 1963 efficit,
848 1923 901 1975 per
921 1929 994 1970 cava
1011 1919 1056 1976 in-

185 1956 358 2032 conspicua
378 1967 613 2040 pedunculorum
630 1977 762 2050 transire,
786 1983 1001 2058 incrementum
1024 2025 1056 2069 et

187 2045 342 2122 perfedlio
358 2049 520 2127 sencinum,
536 2075 677 2138 tanquam
695 2071 863 2134 manifestus
879 2099 908 2140 et
925 2108 986 2146 non
999 2097 1052 2152 de-

187 2141 351 2214 negandus
384 2143 514 2218 effecius,
548 2175 639 2229 quam
675 2163 885 2233 evidentiffime
921 2183 1048 2248 docent.

176 2221 291 2301 Qare
317 2225 412 2304 igitur
436 2240 630 2300 tenuillimum
654 2247 779 2308 fluidum
795 2257 823 2312 in
840 2266 935 2322 nervis
961 2261 1062 2344 multi¹

188 2304 356 2360 concedere
373 2310 479 2382 nolint,
501 2320 647 2379 rationem
669 2327 808 2390 idoneam
824 2359 883 2396 nou
899 2347 959 2402 vidi
978 2351 1046 2432 (a).

190 2389 355 2454 Praeterea.

142 2503 195 2542 ιο.
222 2488 359 2563 Spiritus
383 2500 437 2573 qui
458 2516 576 2580 negant,
601 2511 724 2582 nullum,
748 2520 797 2576 vel
801 2525 912 2602 fhltem
925 2535 1042 2598 nullum

172 2582 373 2658 perspicuum,
398 2591 806 2684 ufictnneroisdarepoffimt.
852 2619 885 2676 Si
897 2626 975 2686 enim
991 2635 1037 2690 di.
1069 2681 1075 2688 .

177 2689 265 2745 cunt,
289 2679 417 2741 animam
438 2695 641 2755 contraen'one
664 2721 820 2764 nervorum
844 2733 944 2792 agere,
968 2745 1034 2782 mo·

174 2761 283 2840 tusque
297 2772 480 2844 producere:
503 2781 603 2857 primo
626 2789 794 2848 contraen'o
818 2815 913 2872 neque
931 2809 1031 2880 perci.

172 2857 257 2934 pitur
272 2861 302 2918 in
320 2883 420 2934 nervo,
444 2891 539 2948 neque
561 2879 754 2938 demonstrari
775 2891 882 2960 potest.
928 2899 1028 2958 Dein-

172 2949 209 3005 de
224 2951 441 3026 phaenomenon
463 2961 552 3040 ligati
577 2966 658 3021 nervi
684 2970 827 3044 explicari
853 2997 1025 3058 nequeunt3

171 3046 307 3118 quamvis
323 3048 401 3108 enim
425 3073 529 3114 nervus
545 3058 597 3114 filo
617 3058 793 3140 stringatur,
815 3070 945 3151 ligatura
960 3081 1025 3142 haec

503 3137 506 3144 ’
538 3145 569 3203 Τ
584 3165 602 3226 3
874 3165 1019 3235 atilionem

157 3287 197 3354 (a)
216 3295 290 3352 Cous.
301 3301 333 3352 cl.
347 3306 434 3371 Tappii
451 3308 529 3358 nostri
542 3313 670 3376 prefatio,
688 3317 805 3380 promissa
818 3329 943 3382 quondum
965 3335 1019 3398 ejus

121 3357 197 3412 Libro
209 3369 237 3418 de
247 3373 361 3429 sensuum
372 3377 524 3450 lzfiouibus‚
542 3387 585 3440 ubi
607 3389 737 3444 Gabroseum
756 3393 805 3448 hoc
821 3415 953 3463 negantem
976 3405 1016 3461 lo-

122 3436 275 3512 liderefutat.
599 3481 604 3486 '
907 3497 909 3500 ’
