2376 4238
256 233 318 298 240
400 203 704 276 COMPEND.
747 203 1009 272 ΑΝᾹΤΟΜ

302 370 503 462 [Abduflon
526 373 626 454 Fascia
651 371 715 432 lata
736 371 790 430 five
811 363 1021 451 'Membranrfits
1046 372 1112 434 dic

373 479 432 534 tus,
453 463 673 524 oriturcurneuu
687 483 703 521 a
717 461 797 541 spina
820 463 954 523 anteriori
974 478 1003 524 et
1024 463 1164 554 supe·

299 485 331 886 ¹
372 569 442 628 riol'l
433 565 504 628 llel
518 569 661 629 exterius.
683 592 749 629 mox
764 571 918 632 veroinfra
939 575 1109 634 trochante·
1163 571 1164 574 Γ

374 692 434 732 rein
448 672 584 750 majorem
597 683 677 730 totus
697 670 730 728 fit
752 671 993 741 membranaceus,
1015 670 1109 739 inelu-

376 765 420 825 dit
434 765 510 822 artie
524 761 663 822 musculos
685 761 714 821 in
739 757 845 822 femore
859 761 979 834 locatos,
1002 763 1036 823 iis
1051 763 1110 824 hoc

375 855 436 935 ipso
450 853 537 912 robur
550 852 695 922 conciliat,
715 851 850 931 partique
864 853 1000 934 superiori
1016 869 1044 914 et
1060 876 1109 914 ex-

378 942 476 1003 teriori
490 941 578 1012 tibia,
595 943 679 1020 juxta
701 941 860 1019 capitulum
884 943 989 1013 libulae,
1010 942 1110 1001 inleri-

293 1065 294 1068 ¹
376 1045 424 1092 tur
435 1032 501 1112 (a),
522 1031 635 1090 undeet
648 1049 700 1108 per
708 1027 1107 1110 totamtibiamaponevrofin

333 1116 336 1121 ¹
376 1129 453 1189 luam
465 1128 597 1189 emittere
611 1128 734 1188 videtur.

335 1227 491 1288 Addultor
504 1240 534 1284 et
548 1223 697 1298 Elevator,
719 1227 875 1295 Sartorr'us,
897 1222 1005 1284 intusa
1024 1223 1102 1304 spina

376 1323 436 1384 ilci
446 1317 581 1384 anteriori
595 1336 623 1383 et
637 1323 772 1403 superiori
793 1321 902 1400 prodit,
923 1335 1010 1396 atque
1032 1316 1105 1378 obli-

301 1351 312 1548 Ι
377 1441 433 1498 que
447 1422 481 1479 de
484 1418 655 1488 s‘cendens‚
648 1420 774 1481 interiori
789 1440 821 1478 ac
831 1417 967 1496 superiori
959 1415 1103 1476 crurins.

377 1511 456 1571 tibiae
470 1510 547 1588 parti
563 1508 757 1587 implanatur:
781 1531 865 1588 quam
877 1531 933 1568 una
943 1529 1008 1568 cum
1018 1508 1106 1570 femo-

301 1551 311 1682 Γ
377 1621 418 1672 re,
440 1601 521 1680 super
546 1599 667 1658 alterum
689 1600 791 1671 lemur,
815 1615 847 1659 ut
872 1598 991 1660 sartores
1017 1601 1112 1664 ledere

376 1696 478 1766 solent,
498 1707 604 1772 movet.

295 1685 311 1882 l
337 1785 449 1847 Extrnl
445 1807 520 1856 oreo,
542 1799 678 1864 quatuor,
699 1784 729 1844 in
744 1781 879 1844 anteriori
893 1782 1007 1844 femoris
1028 1801 1111 1867 parte

376 1877 441 1940 firi·-

419 1972 540 2033 lienus:
561 1969 653 2028 oritur
680 1989 697 2028 a
726 1967 805 2049 spina
832 1967 967 2054 unteriori
987 1983 1017 2030 et
1037 1967 1111 2032 infe«

378 1977 396 2299 Ι
460 2061 668 2143 rioriilei(b).
765 2097 775 2106 -
848 2095 853 2102 ·
974 2067 976 2076 “

415 2157 557 2225 Cruralis,
586 2179 603 2214 a
630 2157 684 2216 srtu
709 2157 811 2217 reiliur
835 2159 991 2220 Femoralis
1014 2159 1112 2218 dicen·-

458 2249 522 2315 dus,
545 2248 613 2324 quia
628 2248 721 2307 oritur
744 2251 795 2308 sub
809 2250 911 2330 prior-i,
933 2273 950 2311 a
975 2267 1036 2330 tota
1059 2274 1110 2311 an-

373 2303 392 2432 l
458 2340 557 2400 toriori
572 2357 653 2420 parte
667 2341 793 2402 femoris.

361 2478 363 2482 -
419 2433 518 2512 Vastus
532 2437 658 2493 internus
671 2457 682 2492 .·
704 2455 721 2494 a
735 2449 798 2494 tota
813 2447 894 2515 purte
906 2438 1013 2518 postica
1024 2454 1053 2500 et
1066 2439 1107 2500 iu·

363 2599 368 2605 ,
459 2527 681 2588 terna'femorio.

385 2439 399 2704 l
421 2625 521 2705 Vastus
536 2635 688 2684 externus:
710 2647 726 2685 a
741 2639 803 2684 tota
812 2640 893 2706 parte
907 2628 1014 2705 postica
1026 2647 1054 2692 et
1064 2655 1110 2693 ex·

459 2737 540 2782 terna
570 2719 702 2799 ejusdem.
745 2721 790 2780 Hi
815 2736 940 2801 quatuor
964 2728 1114 2788 robustum

462 2807 606 2875 tendi'n'em
629 2835 806 2874 communem
834 2837 900 2874 mox
923 2816 1007 2897 supra
1034 2844 1114 2904 genu

461 2909 631 2978 conficiunt„
654 2910 700 2968 cui
726 2911 863 2991 posterius
887 2915 994 2994 patella
1023 2916 1114 2974 inhae·

305 3000 315 3128 Ι
459 3019 502 3064 ret
514 3027 522 3072 3
546 3002 596 3081 qui
610 3003 711 3068 deinde
725 3006 801 3067 infra
816 3031 892 3092 genu
912 3009 1059 3070 tuberculo¹
1072 3010 1113 3070 ti·

305 3132 311 3190 Ι
461 3093 515 3154 biae
526 3093 673 3176 infigitur.

305 3191 319 3255 Γ
340 3180 486 3256 Mentores,
509 3188 649 3268 quinque,
671 3207 704 3253 ut
1030 3240 1033 3246 =

1033 3277 1113 3338 Gra·

255 3401 257 3408 ,
288 3353 327 3420 (a)
342 3355 440 3405 Inseruit
451 3355 518 3404 simul
531 3362 559 3408 ad
570 3361 657 3423 femur,
674 3365 712 3413 cul
733 3365 811 3416 valido
829 3363 926 3414 tendine
943 3368 1057 3431 nectitur,
1073 3375 1116 3422 ab·

257 3435 403 3494 ducen'dum,
418 3439 557 3506 itemquo&
569 3447 614 3494 hoc
625 3456 650 3493 et
660 3445 743 3496 tibiam
755 3447 887 3498 elevandam
899 3461 906 3494 ἱ
924 3445 981 3497 hinc
998 3452 1117 3504 musculus

257 3513 297 3561 hic
308 3510 392 3575 aliique
403 3513 488 3563 horum
499 3523 612 3570 nonnulli
630 3519 670 3570 olli
683 3527 776 3590 utrique
786 3538 925 3577 communes
939 3527 1004 3579 sunt.

289 3593 327 3660 (b)
344 3595 509 3646 Elevatoribus
521 3603 617 3655 femoris
636 3628 665 3661 ac
680 3613 779 3660 sarrorio
790 3629 884 3680 quoque
895 3613 1015 3672 succurrit
1039 3617 1116 3669 seliro-

257 3691 363 3737 remque
378 3691 425 3724 una
447 3691 501 3725 cum
523 3682 645 3748 pectinaro,
662 3690 727 3754 μοι,
751 3687 821 3741 iliaco
844 3703 867 3742 ot
887 3690 992 3754 glutaeis,
1018 3705 1116 3745 notante

238 3743 405 3810 Wmstowloc
417 3745 461 3796 cit.
474 3747 579 3808 perficit.
