2390 4082
236 167 308 276 ιιι
385 200 682 264 couruuu.
724 165 977 266 ιιιιιιοιι.

203 363 271 495 ‘p
324 347 387 416 fior,
408 328 541 426 pollicem
568 346 667 430 longa,
696 362 724 408 et
736 349 856 409 bulbum
869 372 945 429 cepae
951 317 1076 412 minoris

326 437 535 515 quodammodo
566 435 699 506 referens,
735 436 891 496 substantia
923 435 1080 517 spongiosae
1178 443 1179 446 ’

258 501 271 634 Ι
324 529 470 590 crassioris.

259 637 272 703 ῑ
287 621 464 700 Superficies
456 619 573 678 interior
586 619 664 678 varia
677 619 931 694 habetfhraminul
929 643 958 690 a,
974 635 1076 682 rotun·

332 714 379 779 da,
400 711 537 790 oblonga,
561 724 590 768 et
603 710 787 789 canaliculos,
809 731 843 768 ex
871 710 1076 788 quibuusaepe

306 792 473 882 ‘'liquidum
489 802 624 882 viscidum
645 800 762 878 exprimi
784 803 886 879 potest,
909 805 988 880 quod
1010 825 1073 864 ure·

333 895 426 951 thram
437 891 571 960 lubricat,
582 906 611 949 et
621 905 721 948 contra
735 891 821 948 urinae
832 891 1012 973 acrimoniam
1027 893 1071 952 in-

334 989 433 1047 servire
442 988 599 1044 videtur
568 985 586 1022 *
640 985 725 1044 Cons.
742 987 844 1045 littrr'i
865 1009 935 1045 nova
948 991 1067 1051 urethrae

331 1077 483 1155 descriptio
496 1073 559 1132 ioco
573 1073 674 1132 citato.

272 1197 340 1254 230.
363 1177 416 1234 Ao
430 1174 510 1254 penio
524 1172 775 1231 considerationem
789 1146 881 1232 adbuc
894 1174 1038 1254 pertinent

128 1313 135 1323 “
230 1296 436 1358 Gurunuuru
452 1295 623 1362 Cowruur,
638 1293 745 1370 mucosae
759 1275 860 1348 dittae.
883 1311 1003 1369 quarum
1013 1307 1072 1354 tren

269 1388 402 1448 describit
416 1389 448 1460 †.

285 1499 309 1537 1.
334 1477 434 1545 Duae,
426 1498 454 1534 ru
468 1489 590 1553 utroque
601 1473 722 1534 urethrae
732 1473 820 1532 latere
834 1489 900 1544 una,
912 1476 987 1535 mter
995 1477 1069 1536 mus

253 1477 309 1669 ι
323 1571 401 1630 culos
417 1561 618 1626 acceleratores
633 1580 662 1624 et
675 1565 793 1624 bulbum
808 1569 928 1624 urethrae
943 1568 1010 1636 srtae,
1034 1571 1067 1627 fi·

250 1673 260 1796 Ι
316 1684 394 1744 gurae
408 1673 508 1728 ovatae,
522 1658 619 1734 aliquo
635 1657 719 1715 modo
733 1657 900 1734 compressae,
921 1677 1013 1735 parvae
1026 1657 1068 1716 sa·

316 1759 359 1815 bae
388 1753 465 1832 quasi
487 1751 715 1831 magnitudine,
724 1746 863 1826 liquidum
884 1750 1071 1827 diaphanum,

316 1847 469 1915 mucosum,
503 1844 654 1925 (quaelibet
679 1865 729 1922 per
755 1842 924 1924 singularem
950 1844 1071 1910 dubium

315 1935 513 2010 ειιειειοιιιιιιι,
541 1939 612 1996 duos
625 1935 683 1994 sere
697 1934 805 2036 digitos
823 1933 952 2014 longum,
971 1934 1072 2013 perso

314 2047 376 2092 rata
390 2045 511 2107 utraque
520 2006 639 2087 urethrae
652 2016 788 2102 tunica)
780 2045 808 2080 ιιι
818 2025 961 2083 urethram
976 2028 1070 2085 trans·

313 2128 477 2192 mittentes:
500 2124 578 2198 quod
591 2142 644 2198 pro
662 2119 828 2178 lubricanda
851 2131 879 2176 et
890 2119 1071 2183 defendenda

313 2219 429 2280 urethra
452 2217 487 2274 ab
502 2216 588 2273 urinae
609 2211 772 2279 acrimonia,
793 2209 923 2268 inservire
943 2204 1074 2273 videtur.¹

316 2299 349 2370 li
366 2308 504 2388 plerisque
528 2321 634 2375 tamen,
658 2303 687 2360 iu
711 2301 815 2379 quibus
839 2302 889 2358 has
912 2300 1071 2381 glandulas

311 2409 451 2489 inquisivi,
473 2403 664 2470 cadaveribus,
679 2421 736 2470 eas,
751 2397 903 2478 prasertim
918 2398 991 2455 adeo
1002 2420 1067 2457 ma·

312 2524 395 2585 guas,
423 2512 455 2557 ut
474 2499 632 2574 aCowpero
652 2492 851 2558 delineantur,·
840 2487 982 2567 ·reperire
1006 2509 1070 2548 nou

312 2592 412 2671 potui:
441 2591 508 2648 hinc
522 2591 602 2648 valde
615 2588 728 2658 dubito,
752 2607 787 2643 an
802 2584 909 2662 semper
922 2584 1018 2642 adsint.

274 2701 301 2747 2
325 2687 399 2754 Una,
418 2706 480 2760 quae
495 2689 584 2743 tcrtra
597 2683 665 2751 ests
658 2705 684 2739 m
700 2681 806 2761 angulo
820 2695 986 2750 curvatura,
995 2701 1068 2740 ure

320 2770 391 2826 thrae
406 2769 455 2826 sub
468 2766 569 2826 offibus
592 2767 717 2847 pubis,
709 2780 784 2824 rutra
804 2786 907 2844 corpus
923 2765 1068 2846 'spongio-

234 2852 241 2860 ‘
320 2857 379 2916 sum
394 2858 446 2915 five
456 2859 635 2917 cavernosum
649 2857 781 2925 methrae,
796 2858 846 2916 fita
861 2859 911 2917 effe
925 2857 1028 2916 dicitur
1043 2881 1066 2918 a

265 2963 267 2970 ’
319 2945 456 3022 Corripere,
475 2958 564 3023 atque
577 2944 662 3006 etiam
676 2944 712 3002 ab
726 2943 786 3024 ipso
800 2945 883 3004 leutio
898 2947 975 3025 quasi
984 2947 1067 3028 figu-

1028 3065 1068 3103 ra

248 3159 263 3189 '
280 3159 405 3228 Morgagn.
419 3162 515 3213 Adurni0
528 3164 548 3212 1.
565 3155 628 3214 Tab.
640 3163 671 3218 iv.
684 3162 724 3226 fig.
735 3180 761 3222 4.
773 3179 795 3214 c.
807 3173 830 3212 et
843 3138 959 3233 Cockbrirn.
971 3165 1027 3222 Lib.
1039 3165 1073 3217 de

213 3237 407 3366 ῦιῃιιιιιξιιιίο
427 3302 539 3352 Glandul.
557 3319 631 3367 nuper
641 3305 722 3356 deren.
736 3321 759 3366 4.
779 3304 858 3354 Lond.
873 3319 941 3364 1702.
953 3321 1008 3356 eum
1022 3311 1073 3376 fig.

214 3397 269 3445 quae
280 3383 349 3432 etiam
358 3385 382 3433 in
395 3385 476 3436 oraru
489 3385 634 3450 Anthropol.
643 3387 709 3442 frob.
720 3387 752 3436 iv.
763 3398 786 3435 et
797 3402 821 3436 v.
838 3399 861 3436 et
874 3393 994 3454 Terraneo,
1008 3393 1074 3444 Lib.

215 3459 244 3508 de'
257 3459 408 3524 Gramatp.
424 3471 464 3519 σς.
479 3463 539 3511 Tab.
552 3481 575 3513 ι.
588 3463 625 3513 Ιιι.
638 3464 668 3514 Μ
691 3467 727 3514 M.
739 3463 861 3514 delineatae
876 3463 941 3523 firnt.
962 3469 1070 3522 Destfik

114 3564 117 3570 ,
211 3531 301 3586 buntur
310 3536 380 3588 etiem
395 3536 510 3604 abnuo,
521 3536 582 3590 ruu.
596 3537 669 3594 ucat
681 3541 739 3606 aeg.
752 3538 784 3592 A·
796 3553 869 3612 ryoo,
