2362 4096
245 196 313 262 m
434 173 972 259 runrnrru

288 341 358 404 Hoc
371 337 484 410 deinde,
498 333 563 396 cum
578 350 728 396 anatomen
742 335 813 396 alios
824 337 1104 417 docereinciperem,

243 443 339 506 adhuc
368 427 563 517 majori‘mihi
581 433 637 492 fuit
651 434 730 494 usui:
754 455 830 504 narn,
858 434 956 505 toties,
985 437 1102 514 quoties

243 538 396 601 rectionem
410 549 439 594 et
457 531 723 594 demonstrationem
742 531 920 613 aggressurus
942 516 1030 604 eram,
1054 548 1104 594 ta-

241 632 342 692 bulam
360 628 449 708 partia
472 625 693 685 demonstrandae
721 624 849 703 cogitate
872 628 1102 702 percurrebam:

242 723 281 782 sic
295 719 396 778 deinde
416 713 619 794 investiganda,
647 723 676 767 et
698 709 913 768 demonstranda
934 709 1045 768 facilius
1070 711 1103 778 in

242 815 381 878 memoria
394 811 546 879 habebam,
561 829 650 886 eaque
664 804 763 864 leuiori
782 827 870 884 opera
892 807 1025 865 exhibere
1051 823 1100 867 at·

242 925 301 991 que
315 926 454 986 exponere
469 916 609 982 poteram.

285 1007 440 1071 Tannum,
451 999 518 1079 quia
527 1000 588 1058 haec
598 997 750 1069 methodus
763 993 836 1053 mihi
847 994 875 1053 in
887 1009 1019 1054 accurata
1028 1017 1098 1055 ana-

241 1117 335 1164 tomea
349 1098 516 1181 cognitione
530 1094 722 1171 comparanda
736 1090 858 1149 mustum
873 1091 1030 1169 profuerat,
1043 1114 1097 1150 no·
1122 1149 1124 1153 .

243 1201 285 1264 lui
296 1222 358 1278 eam
367 1198 490 1258 inridere
505 1193 685 1254 auditoribus
699 1189 781 1259 meis,
795 1189 842 1247 sed
856 1209 907 1268 per
921 1189 1031 1267 aliquot
1045 1210 1095 1248 an-

240 1313 296 1349 nos
305 1289 517 1350 describendam
528 1285 592 1362 ipsis
602 1279 734 1341 concessi:
751 1301 785 1338 ne
794 1293 855 1337 tarn
865 1277 954 1336 multa
965 1281 1000 1336 ad
1010 1280 1096 1337 Vra·
1177 1295 1178 1314 r

209 1409 212 1414 ¹
246 1398 418 1445 nureuura,
441 1375 484 1432 vel
504 1374 592 1431 alium
607 1373 762 1437 audorem,
778 1383 914 1428 annotare
928 1369 1031 1426 ne‘cesse
1044 1369 1095 1428 lra-

239 1476 362 1534 srerent:
381 1467 608 1550 'iisquetabulis,
629 1482 692 1525 tam
710 1489 764 1546 pro
785 1469 934 1527 commoda
948 1480 1094 1527 anatomea

241 1567 423 1645 repetitione,
438 1584 592 1642 quamrpro
606 1583 716 1630 norma,
731 1561 753 1618 si
768 1565 883 1639 quando
894 1562 944 1640 ipsi
955 1559 983 1618 in
994 1559 1093 1619 fedio-

241 1660 326 1721 nibua
341 1660 394 1720 sese
405 1668 578 1723 exercerent,
593 1652 703 1712 felicius
719 1652 762 1711 uti
773 1653 891 1731 possent.

247 1815 254 1819 .
282 1761 437 1833 Denique
450 1775 527 1822 vero,
546 1751 663 1829 utipsos
679 1749 882 1809 adescribendi
895 1747 1093 1808 taediolibera·

240 1871 312 1921 rem,
327 1851 481 1930 praesertim
495 1869 560 1908 cum
574 1848 644 1926 saepe
651 1847 683 1903 'in
698 1845 882 1905 describendo
897 1847 1002 1906 multos
1014 1867 1093 1905 com·

166 1981 171 1987 ·
241 1945 390 2004 mitterent
412 1963 531 2012 errores,
549 1940 676 2020 'ipsorum
698 1940 833 1999 desiderio
854 1940 977 2010 decrevi,
998 1931 1093 1999 toturn

238 2031 329 2100 'hucce
344 2039 544 2118 compendium
558 2035 636 2115 typis
651 2039 842 2096 mandandum
855 2061 863 2107 ;
877 2038 909 2096 'id
919 2039 996 2116 quod
1006 2019 1093 2096 etiarn
1124 2063 1127 2066 ·

242 2131 306 2189 An.
325 2147 413 2208 ¹715·
428 2129 532 2208 incepi,
547 2143 634 2205 atque
648 2129 711 2186 An.
731 2147 819 2203 1717.
837 2128 961 2206 primum
976 2127 1092 2188 absolvi.

241 2226 315 2282 Cum
324 2243 389 2280 vero
398 2221 538 2280 hiclabor
547 2220 583 2278 ab
598 2219 715 2277 eruditis
731 2241 786 2276 non
802 2219 875 2278 male
884 2219 969 2279 fuerit
985 2219 1093 2298 suscep·

235 2325 298 2380 tus,
322 2324 409 2388 atque
427 2307 713 2388 exemplariaprimae
727 2307 948 2366 editionis'brevi
962 2307 1094 2369 distrada

235 2404 358 2475 suerint,
374 2403 547 2483 Bibliopolae
561 2417 678 2484 rogatu,
689 2403 806 2462 alteram
818 2401 982 2472 editionem,
993 2417 1021 2462 et
1031 2403 1094 2481 post

234 2498 352 2576 aliquot
362 2517 451 2556 annos
462 2493 578 2553 tertiam
589 2506 617 2550 et
627 2490 919 2568 quartam‚prioribus
929 2491 1016 2572 longe
1026 2512 1092 2550 auc-

234 2588 342 2646 tiorem
357 2601 387 2645 et
402 2584 566 2642 nitidiorem
576 2579 663 2645 edidi,
673 2579 755 2653 eique
765 2581 872 2657 figuras
884 2578 995 2656 aliquot
1007 2577 1094 2638 n'ovat

238 2699 365 2738 mearum
379 2673 550 2752 potissimum
566 2667 793 2726 observationum
809 2668 908 2748 adjeci.
941 2669 1031 2728 Hanc
1045 2693 1093 2730 ve·

237 2794 272 2830 ro
287 2770 418 2848 quintam
432 2765 596 2831 editionem,
617 2760 738 2818 maxima
763 2761 827 2819 sane
848 2762 984 2822 industria
999 2767 1096 2826 adhuc

237 2863 392 2922 auctiorem
402 2872 488 2936 atque
498 2854 718 2914 emendatiorem
729 2854 845 2913 reddere
854 2854 965 2916 studuit
990 2877 1094 2934 quem.

232 2957 390 3017 admodum
405 2950 510 3012 eruditi
524 2947 608 3008 facile
623 2948 786 3030 agnoscent.
1137 2948 1140 2954 ’

237 3063 241 3068 ·
272 3047 514 3130 Qnrnorrur
532 3061 588 3097 non
603 3039 716 3109 dubito,
730 3040 882 3121 hoccejam
892 3037 1092 3117 compendium

231 3139 330 3197 adhuc
344 3131 461 3218 majoris
475 3132 611 3194 utilitatis
625 3133 678 3191 esse
691 3135 776 3212 polle,
788 3155 873 3211 quam
888 3147 989 3190 antea:
1017 3125 1090 3182 dum

237 3220 293 3291 n'on
304 3233 393 3293 solum
409 3230 509 3312 majori
519 3229 719 3308 perspicuitate
729 3226 801 3284 illud
811 3223 928 3306 digeffi;
943 3215 1091 3280 sedetiam

235 3349 335 3386 omues
358 3331 452 3389 rursus
470 3348 556 3385 novos
583 3327 723 3393 audentes,
748 3344 819 3401 quos
840 3319 969 3380 obtinere
991 3317 1092 3396 potui,

233 3419 385 3502 per-volvi:
407 3421 568 3498 omniaque,
592 3416 698 3497 quaein
713 3415 753 3478 eia
767 3415 838 3476 scitu
851 3413 940 3498 digna
949 3409 999 3473 elle
1008 3407 1091 3469 inve·
1177 3437 1179 3468 τ

1043 3519 1090 3590 ¹³¹»
1177 3574 1179 3579 .
