2424 4092
191 191 193 194 Ι
213 234 260 298 De
277 212 410 298 G'usrus
426 249 470 296 ar
484 230 668 309 Lonnnnss
685 187 855 295 Ounsurs.
922 239 982 319 165·

176 393 292 479 longus,
312 398 415 461 calami
433 392 573 456 straminei
586 392 715 464 craffitie,
730 392 826 453 multis
839 393 983 458 radicibus

176 492 285 568 prodit,
321 491 372 568 qui
398 497 415 565 'a
440 485 745 546 ,lunonem-1660.
771 485 899 544 inventus
914 487 984 566 (a),¹

177 581 429 659 Dullussalinalis
445 579 641 639 Stenom'unus¹
662 574 857 654 fivestcperior,
881 577 981 656 appel·
1002 655 1004 660 Ι

176 675 273 732 latur:
310 673 409 730 tranfit
436 672 499 728 inde
526 669 697 728 transversim
725 668 805 752 super
828 669 984 732 musculum

178 767 360 836 malleterem,
380 783 431 844 per
443 764 567 823 medium
580 785 671 844 gena,
696 761 858 840 ibidemque
873 764 982 824 muscu-

137 923 141 930 Χ
177 861 235 919 lum
260 861 471 920 buccinatorem
493 873 521 918 et
543 859 734 917 membranam
759 858 827 928 oris,
846 862 918 948 juxa
940 861 980 920 se·

176 953 299 1011 cundum
320 952 361 1009 vel
383 938 499 1010 tertium
525 951 640 1008 dentem
663 949 810 1020 molarem,
845 951 988 1059 perforat,

178 1064 207 1108 et
221 1047 317 1106 osculo
331 1047 380 1106 suo
394 1047 505 1106 salivam
520 1045 626 1104 ibidem
644 1041 727 1125 larga
746 1046 830 1124 copia
843 1046 871 1104 in
885 1068 917 1106 os
931 1049 973 1108 de

177 1145 269 1222 ponit.

138 1233 374 1302 Mursianus,
396 1251 510 1309 quoque
531 1227 595 1287 tatis
619 1229 769 1300 notabiles,
791 1229 927 1309 utrinque*
948 1255 984 1292 u-

116 1335 137 1395 ‘‚
180 1349 225 1396 na,
247 1326 275 1382 in
303 1324 431 1383 interiori
452 1322 542 1381 latere
568 1321 669 1403 anguli
696 1321 982 1389 maxillaeinferiorin

179 1419 248 1476 fita:
272 1437 390 1493 quarum
405 1415 539 1493 quaelibet
552 1415 720 1497 singularem
735 1413 864 1487 ductura,
885 1440 919 1477 ex
934 1441 981 1477 va·

179 1506 227 1565 riis
247 1504 387 1563 radicibus
411 1503 559 1571 coalitum,
580 1502 669 1582 priori
692 1503 789 1582 paullo
812 1505 985 1580 tenuiorem,
1037 1536 1044 1554 ο

178 1596 307 1676 sedsaepe
322 1596 491 1678 longiorem,
506 1598 542 1656 ab
557 1597 711 1670 inventore,
726 1616 758 1659 ut
771 1615 885 1681 putant,
901 1605 982 1663 War-

177 1697 336 1754 thonianum
358 1691 405 1769 (b)
429 1693 481 1750 five
493 1694 646 1772 salivalem
665 1699 839 1770 inferiorem,
861 1697 994 1768 didam,-

178 1783 303 1846 emittit:
324 1784 376 1858 qui
390 1782 439 1840 sub
453 1782 552 1863 lingua
562 1785 646 1860 juxta
656 1784 779 1842 radicem
793 1785 905 1855 frenuli,
921 1788 983 1865 ple·

176 1895 297 1953 rumque
318 1872 446 1950 simplici,
468 1891 542 1930 nune
565 1872 650 1930 etiam
671 1873 790 1950 duplici,
811 1873 868 1932 imo
891 1897 1002 1952 quan-¹

179 1971 273 2047 doque
288 1963 395 2042 triplici
410 1963 480 2022 ostio
498 1961 542 2042 (c)
560 1963 587 2021 in
602 1985 633 2020 os
647 1963 709 2020 hiat
726 1961 788 2042 (d).

139 2065 405 2132 Susurrousrns,
435 2062 497 2119 duae
520 2060 662 2140 oblonga,
689 2058 824 2136 utrinque
846 2081 912 2129 una,
934 2061 985 2124 sub

179 2154 277 2234 lin-gua
292 2153 406 2232 posrtoe:
431 2171 502 2228 quas
518 2149 628 2208 salivam
644 2147 672 2206 in
687 2146 800 2206 homine
815 2147 843 2204 in
858 2149 987 2211 Wartha-

180 2253 278 2308 nianos
292 2247 392 2306 duetus
416 2267 567 2305 exonerare
585 2242 729 2319 hucusque
749 2238 835 2322 vulgo
856 2243 982 2304 credide·

181 2357 258 2399 runt.
302 2345 336 2398 ln
361 2342 455 2401 vitulis
475 2329 646 2420 peculiarem
668 2339 796 2406 ductum,
826 2357 860 2396 ex
884 2341 982 2416 quavis

182 2434 379 2508 prodeuntem,
400 2433 493 2510 primo
508 2437 623 2492 Rivinur
640 2431 699 2511 (e),
720 2430 764 2488 A.
783 2427 870 2504 1679,
891 2446 920 2492 et
934 2419 985 2491 de·

183 2525 248 2584 inde
262 2523 346 2583 etiam
361 2527 546 2596 bartholinus,
568 2528 596 2584 in
612 2527 721 2596 Leone,
742 2524 784 2582 A.
804 2527 892 2595 1682,
909 2525 985 2586 inve-

136 2639 139 2646 *
183 2619 227 2676 nit
242 2619 294 2694 (f)
311 2619 360 2695 qui
380 2634 531 2697 propterea
547 2621 655 2678 Dauus
670 2620 837 2679 Risinianus
851 2617 892 2675 rel
908 2621 985 2679 Bar·

136 2771 140 2776 ,
181 2709 351 2768 tholim'anus
365 2721 479 2766 vocatus
501 2709 549 2766 est.
591 2709 638 2766 At
653 2709 681 2767 in
696 2704 809 2766 homine
830 2704 881 2763 has
901 2705 984 2787 glan-

180 2799 261 2858 dulas
275 2797 367 2876 parvis
389 2797 512 2857 duiiulis
527 2798 579 2856 sive
593 2797 705 2868 osculis,
727 2797 802 2855 inter
824 2795 929 2876 linguae
943 2798 985 2857 la·

180 2904 240 2950 tera
255 2905 283 2950 et
297 2892 428 2974 gingivas
443 2892 576 2970 utrinque
600 2893 632 2951 in
653 2915 684 2952 os
708 2894 797 2970 hiare,
818 2889 926 2966 primus
941 2915 990 2954 me

888 2989 987 3051 docuit

171 3137 209 3206 (a)
227 3135 298 3186 Stena
303 3134 401 3184 Observ.
415 3141 481 3180 anat

170 3210 207 3274 (b)
226 3203 393 3266 Adenograpb·
408 3218 460 3263 cap
475 3201 526 3250 xxi.

172 3287 208 3350 (c)
225 3280 315 3347 Ruysch
330 3279 403 3328 Thes.
418 3287 483 3326 anat.
496 3278 514 3325 i.
529 3295 553 3342 p.
546 3288 605 3335 .2ς.

170 3362 208 3428 (d)
228 3363 278 3406 Hos
301 3355 410 3416 duetus
401 3371 450 3418 Jam
473 3356 584 3406 Galerium
601 3363 625 3402 et
642 3353 783 3406 Avr'cennam
803 3315 911 3400 indicalle
924 3350 991 3402 donet

134 3437 211 3504 Mnrg
231 3437 301 3497 Epill
314 3451 384 3484 arr-r.
367 3435 468 3494 i.§77
480 3439 521 3491 s,
1079 3486 1083 3492 ,

172 3455 323 3570 ()Differt.
346 3501 375 3548 de
397 3497 574 3566 DyspepsraA.
592 3507 652 3562 1679
672 3498 769 3550 babila:
787 3505 809 3548 et
821 3493 914 3561 Waelscb
927 3493 990 3543 Tab-

139 3591 204 3628 anat
220 3595 256 3638 30

160 3641 205 3710 (f)
224 3649 260 3695 De
277 3646 357 3697 Dutlu
368 3645 458 3702 salitali
474 3665 547 3704 novo,
