2390 4082
236 185 287 244 ‹De
313 159 457 248 Liuiano
487 201 515 247 et
546 186 758 252 Rnurous.
869 199 872 206 ’
907 212 943 274 9¹

195 327 229 388 lis
251 341 372 406 utraque
394 330 469 399 rasa,
497 331 526 390 in
550 354 607 392 uno
628 349 776 406 extremm
797 335 825 394 iu
841 338 946 396 homine

194 439 270 486 vero,
290 418 375 476 variis
389 419 526 480 distintis
550 423 645 494 ramis,
671 425 699 484 in
713 441 777 486 toto
791 428 886 486 tractu
900 425 946 484 su·

195 505 318 590 perficiei
332 532 460 572 concavae
476 514 684 595 ingrediuntur.

156 601 261 667 Nerui,
276 621 292 660 a
305 599 392 677 plexu
405 600 539 682 splenico.
567 609 678 666 Dacius
691 628 757 666 vero
769 609 945 670 excretorias»

194 695 298 754 nullus·
344 719 348 724 ·
378 753 384 760 ,
609 700 617 708 '

156 779 230 861 Vastz
241 783 421 860 lymphatica,
442 786 479 846 ad
492 784 703 864 receptaculum
718 783 862 845 obeuntia.

95 873 268 948 Substantia,
292 878 413 958 cellulosa
436 897 466 940 et
480 884 644 964 glandulosa
658 885 804 945 statuitur:
825 881 943 942 ccilulo·

136 961 295 1040 sequidem
315 966 353 1024 est
367 966 395 1024 in
409 969 524 1040 vitulis,
546 971 593 1031 sed
615 973 643 1030 in
663 973 787 1040 homine,
810 972 915 1050 vasculo
926 993 945 1030 a

138 1061 296 1138 etfibrosa:
316 1060 465 1142 glandulas
489 1065 574 1134 enim,
602 1088 672 1144 quae
697 1067 784 1126 adeffe
807 1065 944 1136 scribunt,

140 1148 282 1226 Ruyschius
296 1153 406 1212 vascula
419 1155 469 1213 eise
483 1157 654 1216 demonstrat

95 1235 238 1296 Glandula
263 1240 441 1316 lymphatica,
465 1264 520 1302 una
547 1244 589 1300 vel
613 1227 809 1310 altera,'fabae
833 1241 946 1300 circiter
998 1253 1002 1260 “

137 1324 346 1405 magnitudine,
368 1342 448 1386 extra
462 1327 573 1398 lienem,
602 1329 676 1386 circa
699 1328 825 1386 vasorum
839 1327 867 1384 in
882 1347 946 1386 eum

136 1415 287 1500 ingreisum
302 1420 372 1500 iaepe
386 1421 536 1499 reperitur.

97 1512 180 1592 Usro,
202 1513 272 1571 mihi
285 1499 498 1575 verifimillimui
514 1513 566 1588 est,
586 1515 751 1598 sanguinem
774 1512 896 1592 hepatia,
911 1531 946 1572 ex

136 1622 197 1678 quo
211 1603 276 1662 bilis
290 1603 466 1675 secernenda,
481 1622 581 1670 natura
590 1607 642 1665 ‘sua
651 1605 773 1685 spiss'um,
785 1603 945 1662 ssuidiorem

133 1693 263 1772 reddere,
278 1706 307 1751 et
320 1695 356 1752 fic
368 1714 465 1752 cavere
480 1695 694 1766 obstrudioneu,
722 1709 752 1752 et
775 1691 842 1752 bilis
857 1693 945 1754 secre-

135 1778 247 1836 tionem
261 1799 439 1857 promovere.

97 1891 167 1948 2¹9·
193 1871 300 1928 Renes
317 1870 380 1928 iuut
391 1872 451 1930 duo
463 1871 566 1931 viscera
580 1873 747 1944 rubicunda,
769 1873 894 1952 phaseoti
911 1877 946 1935 fi·

136 1985 241 2046 guttam
268 1963 502 2042 repraesentantia,
530 1969 663 2047 utrinque
678 1969 823 2028 in'lumbiu
836 1971 899 2040 iita,
918 1971 947 2054 in

140 2057 241 2134 quovit
255 2055 344 2114 latere
359 2076 450 2114 unus:
474 2077 596 2135 quorum
618 2075 740 2116 concava
762 2077 827 2137 paru
841 2058 946 2118 intror-

139 2151 209 2222 sum,
223 2136 350 2222 convexa'
360 2149 517 2210 extrorsum
531 2151 654 2232 respicit.
698 2151 734 2210 In
752 2151 800 2212 his
812 2167 948 2233 praeterea

140 2249 337 2314 consideranda

100 2341 204 2414 Situs.-
224 2341 258 2398 ad
270 2340 379 2399 infimae
392 2330 462 2400 duos
476 2341 564 2404 costas
579 2341 708 2419 spurias3
729 2340 766 2398 fic
785 2355 891 2410 tamen,
915 2353 949 2400 ut

137 2449 222 2494 ‚nunc
229 2431 335 2508 aequali,
350 2453 424 2498 nunc
437 2432 543 2490 diversa
556 2431 652 2510 paullo
663 2429 812 2488 altitudine
822 2430 866 2486 fiti
877 2429 946 2486 sinte

115 2524 123 2540 '
149 2522 234 2584 modo
255 2525 325 2583 enim
338 2525 443 2584 'tin'itter
463 2525 550 2584 altior
563 2525 664 2583 dextro
676 2544 684 2592 ς
707 2523 793 2580 modo
805 2523 903 2582 dexter
916 2521 950 2582 fi·

108 2621 112 2632 '
145 2603 239 2678 nistro,
254 2625 352 2670 contra
366 2611 530 2690 opinionem
545 2609 703 2692 vulgarem.

97 2697 233 2772 Centurio
245 2721 311 2762 cum
324 2703 440 2774 lumbis,
451 2703 534 2763 coitio
549 2702 741 2772 inferioribus,
755 2699 887 2762 intestino
899 2721 949 2762 co·

75 2777 90 2796 ⁶
139 2791 181 2862 lo,
201 2783 319 2856 renibus
332 2785 557 2868 succenturiatis,
585 2798 654 2857 nafis
677 2797 829 2880 rentiibue,
842 2809 873 2856 et
884 2819 948 2858 ure·

102 2919 106 2931 ι
138 2883 257 2944 teribus.

93 2975 278 3040 Membranae
304 2983 385 3042 duae:
415 2980 506 3060 prima
530 2981 699 3049 communie,
728 2983 835 3060 adipofir
861 2978 949 3049 dieta,

15 3085 18 3196 Ι
107 3095 111 3102 ·
138 3069 266 3141 robusta,
280 3071 342 3132 laxe
355 3093 435 3134 renes
450 3072 588 3142 ambiens,
611 3069 736 3152 propriis
750 3072 818 3134 vasu
832 3071 950 3128 instruc·

137 3178 192 3235 ἵεις
213 3167 307 3225 altera
328 3171 456 3245 propria,
484 3166 589 3236 tenuis,
613 3177 642 3223 et
655 3163 732 3223 ondit
746 3163 871 3242 undique
884 3162 949 3225 sub·

15 3305 16 3312 ,
105 3281 108 3288 ·
126 3255 249 3316 ‘stantiae
263 3277 362 3318 renum
376 3259 531 3319 adhaerens.

15 3319 17 3382 i
91 3347 296 3429 Magnitudo:
312 3349 482 3434 iongitudo,
511 3351 669 3434 digitorum
690 3349 803 3410 circiter
824 3351 956 3433 quinque

140 3441 186 3514 ¹nel
201 3442 246 3502 sex
258 3467 268 3515 ;
291 3444 426 3520 latitudo,
441 3440 548 3518 trium3
570 3441 754 3524 etlcrtffities,
781 3442 863 3504 unius
886 3463 952 3504 cum

136 3537 270 3602 dimidio.

665 3624 668 3633 ⁴
769 3619 944 3696 Superficies,
