2390 4082
101 189 147 250 Dr
160 187 306 248 Rnnrnus
322 183 611 278 Succaunuunnm
626 189 892 256 etUauraanus.
906 215 946 278 93

102 336 226 414 Figura:
235 330 410 413 irregularia,
421 333 571 410 quadrata,
579 335 775 419 triangularis,
785 353 879 410 ovata,
887 340 946 406 dc.

100 433 275 514 Magnitudo,
296 431 391 491 varia:
414 438 444 490 in
457 435 575 505 adultis,
602 436 672 515 [aepe
695 435 779 494 instar
802 439 881 498 nucis
897 463 946 500 vo·

138 532 216 590 micae
239 533 372 612 majorim
395 539 426 594 in
443 536 518 610 satu
532 555 598 594 vero
612 538 711 614 major,
725 548 755 595 et
769 537 886 614 aequalia
900 561 945 600 re·

139 622 231 692 nibus,
246 624 305 683 imo
318 623 437 682 subinde
452 625 549 700 major.

99 711 263 772 Membrana
277 714 415 783 ambiens,
429 713 522 772 tenuis
538 712 588 782 est,
602 711 679 770 ursle
692 711 810 794 cingens
820 712 943 774 substan·
1045 707 1046 712 ἵ

137 796 204 856 tiam
219 799 427 884 glandulosam,
439 819 558 878 eamque
572 820 636 858 curn
651 819 716 856 rene
730 801 915 882 conjungens.

96 885 355 972 Vastafimguifi’ra,
370 893 541 970 quandoque
555 892 592 950 ab
606 904 686 948 aorta
701 904 729 950 et
743 913 823 963 cava,
843 893 942 971 saepiua

135 977 171 1036 ab
198 981 417 1064 emulgentibus.
461 987 565 1055 Nervi,
585 983 701 1066 aplexu
729 985 826 1046 renali.
871 990 943 1068 Vasta

138 1065 310 1146 lymphatica,
326 1070 424 1128 multa.

95 1159 205 1222 Dudus
219 1170 395 1234 excretorias,
416 1163 501 1224 nullia
516 1165 665 1248 cognitus:
690 1163 812 1241 ideoque
826 1181 855 1225 et
871 1148 941 1247 Usta

103 1317 106 1324 ⁴
134 1255 257 1316 incertus
272 1282 280 1328 ς
302 1261 351 1338 qui
365 1274 460 1319 tamen
474 1263 562 1340 major
576 1261 605 1319 in
616 1260 700 1328 foetu,
715 1280 801 1336 quam
816 1261 844 1318 in
859 1263 940 1322 adul·

133 1356 176 1414 to,
191 1346 243 1405 ell'e
258 1350 379 1409 videtur.

94 1473 162 1516 221.
186 1457 375 1528 Uannarns,
390 1457 453 1516 sunt
468 1455 578 1516 canales
593 1457 650 1516 duo
665 1456 881 1529 membranacei,
891 1479 941 1528 ca·¹

131 1547 197 1608 lami
210 1549 351 1630 scriptorii
365 1550 441 1627 quafi
456 1549 584 1618 crassitie,
608 1547 754 1627 inaequalis
768 1563 862 1610 tamen
878 1549 939 1609 dia·

131 1641 214 1698 metri
227 1662 275 1700 aaa
289 1641 388 1720 quovis
404 1660 468 1698 rene
493 1639 679 1716 utplurimum
696 1661 767 1699 unus
778 1642 813 1700 ad
823 1641 938 1702 vesicam

17 1749 18 1796 l
100 1795 103 1802 ,
130 1733 268 1794 extensus.
313 1731 429 1790 Horum

90 1825 178 1896 Ortus
202 1826 232 1884 in
247 1824 382 1884 renibusa
406 1821 456 1880 ubi
478 1819 650 1880 infundibuli
679 1819 771 1878 sorma
797 1820 937 1899 ampliati,

125 1923 233 2002 pelvim
247 1919 369 1979 faciunt.

87 2019 178 2087 Finis,
190 2017 222 2076 in
237 2016 332 2074 vesrcae
346 2025 431 2090 parte
441 2009 566 2070 inseriori
581 2022 611 2069 et
624 2009 771 2088 posteriori
783 2032 792 2068 a
815 2012 864 2070 ubi
883 2013 936 2076 ob:

125 2113 205 2192 lique
231 2109 318 2170 intra'
335 2106 511 2168 membranas
535 2109 593 2185 ejus
609 2092 842 2185 progrediuntur,
857 2111 936 2168 etad

125 2208 242 2266 modum
255 2201 382 2270 valvulae,
397 2199 522 2280 angustis
537 2198 663 2266 orificiis,
693 2198 721 2256 in
746 2199 861 2260 vesrcam
876 2215 935 2271 ter,

125 2299 279 2365 minantur,
295 2293 421 2371 nihilque
436 2314 470 2351 ex
483 2293 570 2350 vesica
585 2289 748 2350 admittunt.
933 2286 936 2295 ’

85 2393 218 2468 Figura:
239 2391 445 2468 quodammodo
460 2391 496 2446 ad
511 2390 631 2468 liguram
651 2385 742 2466 lirerae
755 2393 784 2466 s
793 2390 905 2453 inflexa.

84 2482 262 2557 Substantia,
270 2487 489 2551 membranacea,
518 2481 659 2540 extribus
674 2483 779 2541 tunicis
794 2492 931 2564 compost.

127 2581 181 2631 ta:
202 2583 367 2636 communia
390 2573 556 2652 peritouaeo,
580 2591 608 2630 2.
621 2573 770 2652 masculari
791 2580 881 2647 tenui,
903 2601 931 2658 3.

119 2685 237 2745 neruga,
252 2666 369 2723 humore
383 2663 486 2722 lubrica
514 2657 649 2730 obdusla,
678 2657 706 2716 in
736 2683 792 2740 qua
815 2663 931 2734 subinde
990 2729 994 2732 ,

87 2803 91 2809 .
114 2758 298 2838 glandula*
313 2759 475 2817 observata.

75 2851 179 2922 Vasta.-
199 2850 370 2934 sanguisera,
385 2863 414 2908 et
429 2852 511 2908 nervi
524 2870 541 2907 a
556 2851 684 2929 partibus
696 2850 811 2920 vicinis3
833 2854 928 2915 val'uu·

115 2935 152 2996 lae
168 2959 243 3008 vero,
259 2959 331 3015 quoa
346 2936 461 3014 quidam
479 2937 506 2994 in
520 2936 559 2996 eia
577 2940 711 3008 statuunt,
740 2940 768 2997 in
784 2940 865 3000 ‚statu
879 2963 928 3002 na·

115 3029 205 3088 turali
220 3030 388 3108 plerumque
402 3028 510 3088 desunt.

68 3133 146 3214 Ustas
158 3158 171 3192 .·
190 3135 314 3203 urinam,
330 3134 358 3190 in
372 3133 487 3193 renibus
502 3132 647 3199 secretam,
672 3151 705 3188 ex
719 3130 794 3210 pelvi
806 3131 926 3212 suscipe-

108 3246 154 3293 re,
171 3239 199 3284 et
215 3227 252 3284 ad
266 3225 381 3282 vesicam
394 3224 522 3284 deserre:
546 3221 590 3280 his
605 3223 679 3279 enirn
693 3223 854 3294 obstruilia,
869 3228 927 3286 uri·

111 3335 152 3374 na
168 3315 373 3394 supprimitur;
395 3307 522 3396 adeoque
544 3317 609 3394 ejua
621 3316 662 3406 ad
670 3315 785 3375 vesicam
800 3315 881 3376 nullae
896 3341 925 3379 a·

109 3409 161 3470 liae
175 3413 282 3470 dantur
294 3408 354 3468 riae.

112 3538 115 3546 ·
309 3485 311 3498 Ι
764 3495 925 3574 Amplitudo

110 3579 129 3646 f
149 3576 241 3645 Rulli·
256 3579 312 3632 Obs.
325 3597 367 3634 xv.
381 3581 505 3652 Margaga,
519 3583 614 3636 navers.
622 3583 659 3636 iil·
673 3599 755 3650 mar
819 3607 822 3612 ·
