<?xml version="1.0" encoding="UTF-8"?>
<!DOCTYPE html PUBLIC "-//W3C//DTD XHTML 1.0 Transitional//EN"
    "http://www.w3.org/TR/xhtml1/DTD/xhtml1-transitional.dtd">
<html xmlns="http://www.w3.org/1999/xhtml" xml:lang="en" lang="en">
 <head>
  <title>
</title>
<meta http-equiv="Content-Type" content="text/html;charset=utf-8" />
  <meta name='ocr-system' content='tesseract 3.04.00' />
  <meta name='ocr-capabilities' content='ocr_page ocr_carea ocr_par ocr_line ocrx_word'/>
</head>
<body>
  <div class='ocr_page' id='page_1' title='image "./compendiumanato00heisgoog_0304.png"; bbox 0 0 2376 4238; ppageno 0'>
   <div class='ocr_carea' id='block_1_1' title="bbox 244 198 954 278">
    <p class='ocr_par' dir='ltr' id='par_1_1' title="bbox 244 198 954 278">
     <span class='ocr_line' id='line_1_1' title="bbox 244 198 954 278; baseline 0 -20"><span class='ocrx_word' id='word_1_1' title='bbox 244 199 289 260; x_wconf 84' lang='lat' dir='ltr'>De</span> <span class='ocrx_word' id='word_1_2' title='bbox 311 199 516 258; x_wconf 74' lang='lat' dir='ltr'>thuuunts</span> <span class='ocrx_word' id='word_1_3' title='bbox 541 198 732 257; x_wconf 75' lang='lat' dir='ltr'>Snacrnrtm.</span> <span class='ocrx_word' id='word_1_4' title='bbox 899 211 954 278; x_wconf 79' lang='lat'>271</span> 
     </span>
    </p>
   </div>
   <div class='ocr_carea' id='block_1_2' title="bbox 25 355 959 902">
    <p class='ocr_par' dir='ltr' id='par_1_2' title="bbox 25 355 959 902">
     <span class='ocr_line' id='line_1_2' title="bbox 107 355 959 438; baseline -0.007 -18"><span class='ocrx_word' id='word_1_5' title='bbox 107 362 226 427; x_wconf 74' lang='lat' dir='ltr'>thorace</span> <span class='ocrx_word' id='word_1_6' title='bbox 241 356 428 434; x_wconf 76' lang='lat' dir='ltr'>percipiebat.</span> <span class='ocrx_word' id='word_1_7' title='bbox 474 359 507 416; x_wconf 93' lang='lat' dir='ltr'>In</span> <span class='ocrx_word' id='word_1_8' title='bbox 522 357 577 414; x_wconf 92' lang='lat' dir='ltr'>hoc</span> <span class='ocrx_word' id='word_1_9' title='bbox 598 359 670 415; x_wconf 87' lang='lat' dir='ltr'>hanc</span> <span class='ocrx_word' id='word_1_10' title='bbox 684 355 848 438; x_wconf 86' lang='lat' dir='ltr'>glandulam</span> <span class='ocrx_word' id='word_1_11' title='bbox 863 357 899 415; x_wconf 85' lang='lat' dir='ltr'>ad</span> <span class='ocrx_word' id='word_1_12' title='bbox 914 357 959 414; x_wconf 87' lang='lat' dir='ltr'>ovi</span> 
     </span>
     <span class='ocr_line' id='line_1_3' title="bbox 25 450 959 534; baseline -0.003 -23"><span class='ocrx_word' id='word_1_13' title='bbox 25 451 35 460; x_wconf 50' lang='lat'>⁵</span> <span class='ocrx_word' id='word_1_14' title='bbox 109 451 261 534; x_wconf 80' lang='lat' dir='ltr'>gallinacei</span> <span class='ocrx_word' id='word_1_15' title='bbox 284 450 510 530; x_wconf 84' lang='lat' dir='ltr'>magnitudinem</span> <span class='ocrx_word' id='word_1_16' title='bbox 533 451 643 508; x_wconf 68' lang='lat' dir='ltr'>auctam</span> <span class='ocrx_word' id='word_1_17' title='bbox 669 451 770 528; x_wconf 82' lang='lat' dir='ltr'>reperi,</span> <span class='ocrx_word' id='word_1_18' title='bbox 792 455 865 510; x_wconf 90' lang='lat' dir='ltr'>unde</span> <span class='ocrx_word' id='word_1_19' title='bbox 888 451 930 509; x_wconf 88' lang='lat' dir='ltr'>oes</span> <span class='ocrx_word' id='word_1_20' title='bbox 945 475 959 494; x_wconf 91' lang='lat'><strong>·</strong></span> 
     </span>
     <span class='ocr_line' id='line_1_4' title="bbox 112 542 959 623; baseline -0.001 -23"><span class='ocrx_word' id='word_1_21' title='bbox 112 547 225 623; x_wconf 80' lang='lat' dir='ltr'>plragus</span> <span class='ocrx_word' id='word_1_22' title='bbox 240 542 280 598; x_wconf 82' lang='lat' dir='ltr'>ita</span> <span class='ocrx_word' id='word_1_23' title='bbox 293 542 544 618; x_wconf 81' lang='lat' dir='ltr'>comprimebatur,</span> <span class='ocrx_word' id='word_1_24' title='bbox 567 557 599 600; x_wconf 87' lang='lat' dir='ltr'>ut</span> <span class='ocrx_word' id='word_1_25' title='bbox 615 542 684 599; x_wconf 89' lang='lat' dir='ltr'>nihil</span> <span class='ocrx_word' id='word_1_26' title='bbox 708 542 827 620; x_wconf 85' lang='lat' dir='ltr'>amplius</span> <span class='ocrx_word' id='word_1_27' title='bbox 842 543 959 599; x_wconf 81' lang='lat' dir='ltr'>transne</span> 
     </span>
     <span class='ocr_line' id='line_1_5' title="bbox 113 633 957 714; baseline 0 -22"><span class='ocrx_word' id='word_1_28' title='bbox 113 634 249 714; x_wconf 83' lang='lat' dir='ltr'>potuerit.</span> <span class='ocrx_word' id='word_1_29' title='bbox 293 634 389 692; x_wconf 77' lang='lat' dir='ltr'>Paucis</span> <span class='ocrx_word' id='word_1_30' title='bbox 404 635 490 691; x_wconf 82' lang='lat' dir='ltr'>etiam</span> <span class='ocrx_word' id='word_1_31' title='bbox 505 633 609 692; x_wconf 87' lang='lat' dir='ltr'>abhinc</span> <span class='ocrx_word' id='word_1_32' title='bbox 630 636 709 692; x_wconf 84' lang='lat' dir='ltr'>annis</span> <span class='ocrx_word' id='word_1_33' title='bbox 725 634 859 692; x_wconf 79' lang='lat' dir='ltr'>acelebri</span> <span class='ocrx_word' id='word_1_34' title='bbox 882 635 957 693; x_wconf 86' lang='lat' dir='ltr'>Ger·</span> 
     </span>
     <span class='ocr_line' id='line_1_6' title="bbox 112 725 958 812; baseline 0.001 -26"><span class='ocrx_word' id='word_1_35' title='bbox 112 728 213 786; x_wconf 72' lang='lat' dir='ltr'>mania</span> <span class='ocrx_word' id='word_1_36' title='bbox 229 725 343 787; x_wconf 86' lang='lat' dir='ltr'>Medico</span> <span class='ocrx_word' id='word_1_37' title='bbox 356 727 498 812; x_wconf 76' lang='lat' dir='ltr'>confultus</span> <span class='ocrx_word' id='word_1_38' title='bbox 510 729 553 785; x_wconf 76' lang='lat' dir='ltr'>fni</span> <span class='ocrx_word' id='word_1_39' title='bbox 564 729 602 785; x_wconf 92' lang='lat' dir='ltr'>ob</span> <span class='ocrx_word' id='word_1_40' title='bbox 613 727 727 786; x_wconf 74' lang='lat' dir='ltr'>similem</span> <span class='ocrx_word' id='word_1_41' title='bbox 743 729 884 797; x_wconf 87' lang='lat' dir='ltr'>morbum,</span> <span class='ocrx_word' id='word_1_42' title='bbox 899 749 958 808; x_wconf 86' lang='lat' dir='ltr'>quo</span> 
     </span>
     <span class='ocr_line' id='line_1_7' title="bbox 113 819 958 902; baseline 0.004 -22"><span class='ocrx_word' id='word_1_43' title='bbox 113 822 189 880; x_wconf 86' lang='lat' dir='ltr'>filius</span> <span class='ocrx_word' id='word_1_44' title='bbox 204 823 274 899; x_wconf 81' lang='lat' dir='ltr'>ejus,</span> <span class='ocrx_word' id='word_1_45' title='bbox 296 819 344 896; x_wconf 89' lang='lat' dir='ltr'>qui</span> <span class='ocrx_word' id='word_1_46' title='bbox 360 843 413 878; x_wconf 90' lang='lat' dir='ltr'>non</span> <span class='ocrx_word' id='word_1_47' title='bbox 429 821 477 878; x_wconf 75' lang='lat' dir='ltr'>nist</span> <span class='ocrx_word' id='word_1_48' title='bbox 500 821 666 881; x_wconf 85' lang='lat' dir='ltr'>difficillime</span> <span class='ocrx_word' id='word_1_49' title='bbox 689 839 808 902; x_wconf 89' lang='lat' dir='ltr'>propter</span> <span class='ocrx_word' id='word_1_50' title='bbox 830 824 958 883; x_wconf 85' lang='lat' dir='ltr'>obstacu-</span> 
     </span>
    </p>
   </div>
   <div class='ocr_carea' id='block_1_3' title="bbox 112 911 959 1091">
    <p class='ocr_par' dir='ltr' id='par_1_3' title="bbox 112 911 959 1091">
     <span class='ocr_line' id='line_1_8' title="bbox 113 911 957 999; baseline -0.001 -21"><span class='ocrx_word' id='word_1_51' title='bbox 113 921 171 978; x_wconf 92' lang='lat' dir='ltr'>lum</span> <span class='ocrx_word' id='word_1_52' title='bbox 187 920 214 977; x_wconf 90' lang='lat' dir='ltr'>in</span> <span class='ocrx_word' id='word_1_53' title='bbox 230 911 538 999; x_wconf 66' lang='lat' dir='ltr'>oesophago&#39;dcglutire</span> <span class='ocrx_word' id='word_1_54' title='bbox 552 934 677 997; x_wconf 85' lang='lat' dir='ltr'>poterat,</span> <span class='ocrx_word' id='word_1_55' title='bbox 700 922 860 983; x_wconf 83' lang='lat' dir='ltr'>laborabat,</span> <span class='ocrx_word' id='word_1_56' title='bbox 892 918 957 980; x_wconf 85' lang='lat' dir='ltr'>sus·</span> 
     </span>
     <span class='ocr_line' id='line_1_9' title="bbox 112 1006 959 1091; baseline 0.002 -25"><span class='ocrx_word' id='word_1_57' title='bbox 112 1008 223 1087; x_wconf 82' lang='lat' dir='ltr'>picatua</span> <span class='ocrx_word' id='word_1_58' title='bbox 247 1006 318 1076; x_wconf 90' lang='lat' dir='ltr'>sum,</span> <span class='ocrx_word' id='word_1_59' title='bbox 339 1007 414 1064; x_wconf 79' lang='lat' dir='ltr'>ide&#39;m</span> <span class='ocrx_word' id='word_1_60' title='bbox 441 1007 541 1064; x_wconf 82' lang='lat' dir='ltr'>vitium</span> <span class='ocrx_word' id='word_1_61' title='bbox 565 1008 610 1064; x_wconf 91' lang='lat' dir='ltr'>hic</span> <span class='ocrx_word' id='word_1_62' title='bbox 639 1009 744 1068; x_wconf 75' lang='lat' dir='ltr'>adello:</span> <span class='ocrx_word' id='word_1_63' title='bbox 774 1031 849 1091; x_wconf 83' lang='lat' dir='ltr'>aeger</span> <span class='ocrx_word' id='word_1_64' title='bbox 873 1011 959 1068; x_wconf 86' lang='lat' dir='ltr'>etiam</span> 
     </span>
    </p>
   </div>
   <div class='ocr_carea' id='block_1_4' title="bbox 112 1099 1041 1372">
    <p class='ocr_par' dir='ltr' id='par_1_4' title="bbox 112 1099 1041 1372">
     <span class='ocr_line' id='line_1_10' title="bbox 112 1099 1041 1178; baseline 0.002 -22"><span class='ocrx_word' id='word_1_65' title='bbox 112 1112 241 1156; x_wconf 83' lang='lat' dir='ltr'>mortuns</span> <span class='ocrx_word' id='word_1_66' title='bbox 255 1099 305 1156; x_wconf 81' lang='lat' dir='ltr'>est.</span> <span class='ocrx_word' id='word_1_67' title='bbox 347 1099 399 1156; x_wconf 87' lang='lat' dir='ltr'>An</span> <span class='ocrx_word' id='word_1_68' title='bbox 424 1119 488 1156; x_wconf 86' lang='lat' dir='ltr'>vero</span> <span class='ocrx_word' id='word_1_69' title='bbox 502 1101 621 1158; x_wconf 85' lang='lat' dir='ltr'>cadaver</span> <span class='ocrx_word' id='word_1_70' title='bbox 636 1100 761 1169; x_wconf 86' lang='lat' dir='ltr'>incisum,</span> <span class='ocrx_word' id='word_1_71' title='bbox 784 1123 816 1158; x_wconf 84' lang='lat' dir='ltr'>ex</span> <span class='ocrx_word' id='word_1_72' title='bbox 832 1102 901 1178; x_wconf 91' lang='lat' dir='ltr'>quid</span> <span class='ocrx_word' id='word_1_73' title='bbox 915 1121 959 1158; x_wconf 84' lang='lat' dir='ltr'>re·</span> <span class='ocrx_word' id='word_1_74' title='bbox 1038 1155 1041 1164; x_wconf 82' lang='grc'>,</span> 
     </span>
     <span class='ocr_line' id='line_1_11' title="bbox 114 1194 961 1277; baseline 0.005 -27"><span class='ocrx_word' id='word_1_75' title='bbox 114 1207 226 1274; x_wconf 83' lang='lat' dir='ltr'>pcrtum</span> <span class='ocrx_word' id='word_1_76' title='bbox 240 1194 273 1250; x_wconf 89' lang='lat' dir='ltr'>fit</span> <span class='ocrx_word' id='word_1_77' title='bbox 289 1215 344 1250; x_wconf 93' lang='lat' dir='ltr'>non</span> <span class='ocrx_word' id='word_1_78' title='bbox 359 1194 494 1272; x_wconf 76' lang='lat' dir='ltr'>comperi.</span> <span class='ocrx_word' id='word_1_79' title='bbox 536 1196 714 1256; x_wconf 75' lang='lat' dir='ltr'>Vannsuau</span> <span class='ocrx_word' id='word_1_80' title='bbox 725 1217 760 1256; x_wconf 81' lang='lat' dir='ltr'>us</span> <span class='ocrx_word' id='word_1_81' title='bbox 775 1197 961 1277; x_wconf 78' lang='lat' dir='ltr'>oelophaguru</span> 
     </span>
     <span class='ocr_line' id='line_1_12' title="bbox 113 1289 835 1372; baseline 0.004 -26"><span class='ocrx_word' id='word_1_82' title='bbox 113 1310 149 1346; x_wconf 81' lang='lat' dir='ltr'>cx</span> <span class='ocrx_word' id='word_1_83' title='bbox 164 1289 259 1346; x_wconf 85' lang='lat' dir='ltr'>eadem</span> <span class='ocrx_word' id='word_1_84' title='bbox 274 1289 362 1346; x_wconf 78' lang='lat' dir='ltr'>caulla</span> <span class='ocrx_word' id='word_1_85' title='bbox 379 1291 491 1368; x_wconf 84' lang='lat' dir='ltr'>penitus</span> <span class='ocrx_word' id='word_1_86' title='bbox 506 1289 641 1350; x_wconf 85' lang='lat' dir='ltr'>coalitum</span> <span class='ocrx_word' id='word_1_87' title='bbox 655 1292 759 1370; x_wconf 84' lang='lat' dir='ltr'>reperit</span> <span class='ocrx_word' id='word_1_88' title='bbox 773 1292 835 1372; x_wconf 86' lang='lat' dir='ltr'>(a).</span> 
     </span>
    </p>
   </div>
   <div class='ocr_carea' id='block_1_5' title="bbox 57 1402 989 2974">
    <p class='ocr_par' dir='ltr' id='par_1_5' title="bbox 57 1402 989 2974">
     <span class='ocr_line' id='line_1_13' title="bbox 118 1402 961 1486; baseline -0.007 -22"><span class='ocrx_word' id='word_1_89' title='bbox 118 1443 125 1452; x_wconf 91' lang='lat'>·</span> <span class='ocrx_word' id='word_1_90' title='bbox 155 1423 224 1482; x_wconf 83' lang='lat'>390.</span> <span class='ocrx_word' id='word_1_91' title='bbox 246 1402 504 1462; x_wconf 75' lang='lat' dir='ltr'>Vnncanuonrus</span> <span class='ocrx_word' id='word_1_92' title='bbox 524 1402 570 1482; x_wconf 83' lang='lat' dir='ltr'>(b)</span> <span class='ocrx_word' id='word_1_93' title='bbox 582 1405 654 1462; x_wconf 87' lang='lat' dir='ltr'>hanc</span> <span class='ocrx_word' id='word_1_94' title='bbox 668 1404 831 1486; x_wconf 83' lang='lat' dir='ltr'>glandulam</span> <span class='ocrx_word' id='word_1_95' title='bbox 847 1419 961 1478; x_wconf 78' lang='lat' dir='ltr'>quoquc</span> 
     </span>
     <span class='ocr_line' id='line_1_14' title="bbox 110 1496 983 1580; baseline -0.008 -22"><span class='ocrx_word' id='word_1_96' title='bbox 110 1499 236 1559; x_wconf 86' lang='lat' dir='ltr'>dicatam</span> <span class='ocrx_word' id='word_1_97' title='bbox 251 1496 300 1554; x_wconf 82' lang='lat' dir='ltr'>effe</span> <span class='ocrx_word' id='word_1_98' title='bbox 316 1497 413 1554; x_wconf 83' lang='lat' dir='ltr'>statuit</span> <span class='ocrx_word' id='word_1_99' title='bbox 438 1497 605 1575; x_wconf 80' lang='lat' dir='ltr'>separationi</span> <span class='ocrx_word' id='word_1_100' title='bbox 627 1499 730 1576; x_wconf 87' lang='lat' dir='ltr'>liquidi</span> <span class='ocrx_word' id='word_1_101' title='bbox 745 1496 893 1580; x_wconf 88' lang='lat' dir='ltr'>digellioni</span> <span class='ocrx_word' id='word_1_102' title='bbox 918 1497 960 1552; x_wconf 77' lang='lat' dir='ltr'>in·</span> <span class='ocrx_word' id='word_1_103' title='bbox 981 1559 983 1564; x_wconf 28' lang='lat'><strong>¹</strong></span> 
     </span>
     <span class='ocr_line' id='line_1_15' title="bbox 86 1593 962 1670; baseline -0.011 -15"><span class='ocrx_word' id='word_1_104' title='bbox 86 1603 90 1608; x_wconf 86' lang='lat'>&#39;</span> <span class='ocrx_word' id='word_1_105' title='bbox 112 1593 278 1655; x_wconf 80' lang='lat' dir='ltr'>servientis:</span> <span class='ocrx_word' id='word_1_106' title='bbox 306 1594 334 1650; x_wconf 87' lang='lat' dir='ltr'>id</span> <span class='ocrx_word' id='word_1_107' title='bbox 350 1594 427 1669; x_wconf 90' lang='lat' dir='ltr'>quod</span> <span class='ocrx_word' id='word_1_108' title='bbox 443 1616 492 1670; x_wconf 76' lang='lat' dir='ltr'>pet</span> <span class='ocrx_word' id='word_1_109' title='bbox 505 1595 608 1654; x_wconf 64' lang='lat' dir='ltr'>ductus</span> <span class='ocrx_word' id='word_1_110' title='bbox 623 1612 720 1652; x_wconf 78' lang='lat' dir='ltr'>tenues</span> <span class='ocrx_word' id='word_1_111' title='bbox 736 1594 762 1652; x_wconf 89' lang='lat' dir='ltr'>in</span> <span class='ocrx_word' id='word_1_112' title='bbox 778 1593 962 1670; x_wconf 84' lang='lat' dir='ltr'>oesophagnm</span> 
     </span>
     <span class='ocr_line' id='line_1_16' title="bbox 112 1685 962 1763; baseline -0.004 -17"><span class='ocrx_word' id='word_1_113' title='bbox 112 1685 275 1746; x_wconf 60' lang='lat' dir='ltr'>transfundi</span> <span class='ocrx_word' id='word_1_114' title='bbox 290 1685 431 1744; x_wconf 85' lang='lat' dir='ltr'>affirmat:</span> <span class='ocrx_word' id='word_1_115' title='bbox 455 1707 526 1763; x_wconf 81' lang='lat' dir='ltr'>quoa</span> <span class='ocrx_word' id='word_1_116' title='bbox 550 1709 617 1746; x_wconf 80' lang='lat' dir='ltr'>vero</span> <span class='ocrx_word' id='word_1_117' title='bbox 640 1688 742 1746; x_wconf 67' lang='lat' dir='ltr'>ductura</span> <span class='ocrx_word' id='word_1_118' title='bbox 763 1687 847 1745; x_wconf 83' lang='lat' dir='ltr'>etiam</span> <span class='ocrx_word' id='word_1_119' title='bbox 872 1701 962 1760; x_wconf 81' lang='lat' dir='ltr'>neque</span> 
     </span>
     <span class='ocr_line' id='line_1_17' title="bbox 115 1780 989 1860; baseline -0.002 -20"><span class='ocrx_word' id='word_1_120' title='bbox 115 1781 174 1848; x_wconf 82' lang='lat' dir='ltr'>alii,</span> <span class='ocrx_word' id='word_1_121' title='bbox 196 1800 289 1856; x_wconf 78' lang='lat' dir='ltr'>neque</span> <span class='ocrx_word' id='word_1_122' title='bbox 315 1801 373 1860; x_wconf 83' lang='lat' dir='ltr'>ego</span> <span class='ocrx_word' id='word_1_123' title='bbox 397 1781 540 1858; x_wconf 67' lang='lat' dir='ltr'>hueusque</span> <span class='ocrx_word' id='word_1_124' title='bbox 566 1783 688 1860; x_wconf 70' lang='lat' dir='ltr'>reperire</span> <span class='ocrx_word' id='word_1_125' title='bbox 715 1783 871 1860; x_wconf 76' lang='lat' dir='ltr'>potuimus.</span> <span class='ocrx_word' id='word_1_126' title='bbox 913 1780 960 1840; x_wconf 80' lang='lat' dir='ltr'>Cl.</span> <span class='ocrx_word' id='word_1_127' title='bbox 984 1807 989 1816; x_wconf 67' lang='lat'><strong><em>¹</em></strong></span> 
     </span>
     <span class='ocr_line' id='line_1_18' title="bbox 116 1875 959 1955; baseline -0.001 -20"><span class='ocrx_word' id='word_1_128' title='bbox 116 1877 300 1935; x_wconf 75' lang='lat' dir='ltr'>Faunouus</span> <span class='ocrx_word' id='word_1_129' title='bbox 319 1875 378 1955; x_wconf 70' lang='lat' dir='ltr'>(ct),</span> <span class='ocrx_word' id='word_1_130' title='bbox 400 1875 572 1955; x_wconf 83' lang='lat' dir='ltr'>aliiquejum</span> <span class='ocrx_word' id='word_1_131' title='bbox 586 1891 650 1938; x_wconf 87' lang='lat' dir='ltr'>ante</span> <span class='ocrx_word' id='word_1_132' title='bbox 665 1877 959 1946; x_wconf 73' lang='lat' dir='ltr'>Vsucar,nonr&#39;um,</span> 
     </span>
     <span class='ocr_line' id='line_1_19' title="bbox 116 1967 962 2052; baseline -0.009 -21"><span class='ocrx_word' id='word_1_133' title='bbox 116 1971 334 2051; x_wconf 74' lang='lat' dir='ltr'>suspicatilunt,</span> <span class='ocrx_word' id='word_1_134' title='bbox 357 1973 407 2052; x_wconf 75' lang='lat' dir='ltr'>has</span> <span class='ocrx_word' id='word_1_135' title='bbox 423 1969 574 2050; x_wconf 68' lang='lat' dir='ltr'>glandulas</span> <span class='ocrx_word' id='word_1_136' title='bbox 599 1971 630 2028; x_wconf 77' lang='lat' dir='ltr'>in‘</span> <span class='ocrx_word' id='word_1_137' title='bbox 651 1971 799 2029; x_wconf 81' lang='lat' dir='ltr'>cavitatem</span> <span class='ocrx_word' id='word_1_138' title='bbox 814 1967 962 2047; x_wconf 84' lang='lat' dir='ltr'>oel&#39;ophagi</span> 
     </span>
     <span class='ocr_line' id='line_1_20' title="bbox 107 2063 963 2145; baseline -0.008 -17"><span class='ocrx_word' id='word_1_139' title='bbox 107 2067 260 2128; x_wconf 73' lang='lat' dir='ltr'>mucosum</span> <span class='ocrx_word' id='word_1_140' title='bbox 280 2063 421 2145; x_wconf 79' lang='lat' dir='ltr'>liquidum</span> <span class='ocrx_word' id='word_1_141' title='bbox 444 2067 604 2136; x_wconf 57' lang='lat' dir='ltr'>secernere}</span> <span class='ocrx_word' id='word_1_142' title='bbox 634 2066 716 2145; x_wconf 71' lang='lat' dir='ltr'>sequt</span> <span class='ocrx_word' id='word_1_143' title='bbox 740 2087 831 2126; x_wconf 84' lang='lat' dir='ltr'>eorum</span> <span class='ocrx_word' id='word_1_144' title='bbox 856 2074 963 2123; x_wconf 67' lang='lat' dir='ltr'>necatur</span> 
     </span>
     <span class='ocr_line' id='line_1_21' title="bbox 114 2160 963 2244; baseline -0.005 -20"><span class='ocrx_word' id='word_1_145' title='bbox 114 2164 238 2234; x_wconf 69' lang='lat' dir='ltr'>incant,</span> <span class='ocrx_word' id='word_1_146' title='bbox 259 2163 288 2222; x_wconf 87' lang='lat' dir='ltr'>iu</span> <span class='ocrx_word' id='word_1_147' title='bbox 304 2165 420 2242; x_wconf 78' lang='lat' dir='ltr'>quohae</span> <span class='ocrx_word' id='word_1_148' title='bbox 434 2163 580 2244; x_wconf 72' lang='lat' dir='ltr'>glandulae</span> <span class='ocrx_word' id='word_1_149' title='bbox 591 2176 781 2231; x_wconf 72' lang='lat' dir='ltr'>excretarant,</span> <span class='ocrx_word' id='word_1_150' title='bbox 802 2173 858 2220; x_wconf 83' lang='lat' dir='ltr'>no&#39;n</span> <span class='ocrx_word' id='word_1_151' title='bbox 874 2160 963 2220; x_wconf 82' lang='lat' dir='ltr'>solunt</span> 
     </span>
     <span class='ocr_line' id='line_1_22' title="bbox 113 2251 962 2323; baseline -0.007 -7"><span class='ocrx_word' id='word_1_152' title='bbox 113 2254 219 2323; x_wconf 63' lang='lat' dir='ltr'>natue,</span> <span class='ocrx_word' id='word_1_153' title='bbox 241 2255 391 2314; x_wconf 79' lang='lat' dir='ltr'>sedetiam</span> <span class='ocrx_word' id='word_1_154' title='bbox 405 2257 565 2315; x_wconf 74' lang='lat' dir='ltr'>uer-miculos</span> <span class='ocrx_word' id='word_1_155' title='bbox 591 2255 618 2314; x_wconf 89' lang='lat' dir='ltr'>in</span> <span class='ocrx_word' id='word_1_156' title='bbox 647 2255 681 2314; x_wconf 78' lang='lat' dir='ltr'>iia</span> <span class='ocrx_word' id='word_1_157' title='bbox 705 2251 833 2313; x_wconf 79' lang='lat' dir='ltr'>invenisse</span> <span class='ocrx_word' id='word_1_158' title='bbox 856 2252 962 2312; x_wconf 85' lang='lat' dir='ltr'>scribit.</span> 
     </span>
     <span class='ocr_line' id='line_1_23' title="bbox 119 2339 964 2421; baseline -0.009 -19"><span class='ocrx_word' id='word_1_159' title='bbox 119 2342 170 2402; x_wconf 83' lang='lat' dir='ltr'>Ita</span> <span class='ocrx_word' id='word_1_160' title='bbox 183 2342 269 2400; x_wconf 83' lang='lat' dir='ltr'>etiam</span> <span class='ocrx_word' id='word_1_161' title='bbox 282 2341 369 2402; x_wconf 77' lang='lat' dir='ltr'>celeb.</span> <span class='ocrx_word' id='word_1_162' title='bbox 411 2341 625 2401; x_wconf 75' lang='lat' dir='ltr'>Monoaouuu</span> <span class='ocrx_word' id='word_1_163' title='bbox 643 2341 693 2421; x_wconf 81' lang='lat' dir='ltr'>(d)</span> <span class='ocrx_word' id='word_1_164' title='bbox 707 2341 806 2399; x_wconf 76' lang='lat' dir='ltr'>refert.</span> <span class='ocrx_word' id='word_1_165' title='bbox 816 2341 866 2396; x_wconf 84' lang='lat' dir='ltr'>har</span> <span class='ocrx_word' id='word_1_166' title='bbox 882 2339 964 2418; x_wconf 82' lang='lat' dir='ltr'>glan·</span> 
     </span>
     <span class='ocr_line' id='line_1_24' title="bbox 116 2435 964 2522; baseline -0.006 -24"><span class='ocrx_word' id='word_1_167' title='bbox 116 2438 201 2498; x_wconf 70' lang='lat' dir='ltr'>duta</span> <span class='ocrx_word' id='word_1_168' title='bbox 218 2439 373 2499; x_wconf 74' lang='lat' dir='ltr'>incanibau</span> <span class='ocrx_word' id='word_1_169' title='bbox 387 2441 598 2522; x_wconf 73' lang='lat' dir='ltr'>sape-turgere,</span> <span class='ocrx_word' id='word_1_170' title='bbox 608 2453 640 2497; x_wconf 77' lang='lat' dir='ltr'>ct</span> <span class='ocrx_word' id='word_1_171' title='bbox 655 2459 671 2495; x_wconf 91' lang='lat' dir='ltr'>a</span> <span class='ocrx_word' id='word_1_172' title='bbox 686 2437 842 2498; x_wconf 77' lang='lat' dir='ltr'>vrrmlculis</span> <span class='ocrx_word' id='word_1_173' title='bbox 857 2435 964 2513; x_wconf 80' lang='lat' dir='ltr'>quib-uf·</span> 
     </span>
     <span class='ocr_line' id='line_1_25' title="bbox 57 2526 966 2613; baseline -0.01 -22"><span class='ocrx_word' id='word_1_174' title='bbox 57 2573 61 2576; x_wconf 93' lang='lat'>-</span> <span class='ocrx_word' id='word_1_175' title='bbox 115 2529 191 2590; x_wconf 72' lang='lat' dir='ltr'>dum</span> <span class='ocrx_word' id='word_1_176' title='bbox 202 2531 355 2591; x_wconf 68' lang='lat' dir='ltr'>rubentibm</span> <span class='ocrx_word' id='word_1_177' title='bbox 367 2535 488 2613; x_wconf 80' lang='lat' dir='ltr'>oblongis.</span> <span class='ocrx_word' id='word_1_178' title='bbox 498 2533 665 2592; x_wconf 77' lang='lat' dir='ltr'>et-teauibus</span> <span class='ocrx_word' id='word_1_179' title='bbox 679 2532 782 2588; x_wconf 75' lang='lat' dir='ltr'>incoli.-</span> <span class='ocrx_word' id='word_1_180' title='bbox 804 2526 833 2585; x_wconf 94' lang='lat' dir='ltr'>id</span> <span class='ocrx_word' id='word_1_181' title='bbox 843 2526 922 2604; x_wconf 91' lang='lat' dir='ltr'>quod</span> <span class='ocrx_word' id='word_1_182' title='bbox 936 2537 966 2583; x_wconf 83' lang='lat' dir='ltr'>et</span> 
     </span>
     <span class='ocr_line' id='line_1_26' title="bbox 119 2621 966 2707; baseline -0.008 -21"><span class='ocrx_word' id='word_1_183' title='bbox 119 2625 649 2707; x_wconf 68' lang='lat' dir='ltr'>Rumor(e)atqueCr.arrt-cus·(f)</span> <span class='ocrx_word' id='word_1_184' title='bbox 661 2625 838 2684; x_wconf 79' lang='lat' dir='ltr'>confirmant.</span> <span class='ocrx_word' id='word_1_185' title='bbox 862 2621 966 2700; x_wconf 82' lang='lat' dir='ltr'>Atque</span> 
     </span>
     <span class='ocr_line' id='line_1_27' title="bbox 113 2718 965 2794; baseline -0.012 -8"><span class='ocrx_word' id='word_1_186' title='bbox 113 2721 223 2786; x_wconf 75' lang='lat' dir='ltr'>talibus</span> <span class='ocrx_word' id='word_1_187' title='bbox 231 2723 261 2781; x_wconf 85' lang='lat' dir='ltr'>in</span> <span class='ocrx_word' id='word_1_188' title='bbox 275 2727 395 2794; x_wconf 75' lang='lat' dir='ltr'>casibus,</span> <span class='ocrx_word' id='word_1_189' title='bbox 418 2724 647 2784; x_wconf 71' lang='lat' dir='ltr'>Moror-nutus</span> <span class='ocrx_word' id='word_1_190' title='bbox 661 2723 770 2792; x_wconf 86' lang='lat' dir='ltr'>scribit,</span> <span class='ocrx_word' id='word_1_191' title='bbox 793 2718 965 2781; x_wconf 73' lang='lat' dir='ltr'>canaliculos</span> 
     </span>
     <span class='ocr_line' id='line_1_28' title="bbox 113 2817 964 2902; baseline -0.002 -24"><span class='ocrx_word' id='word_1_192' title='bbox 113 2817 157 2878; x_wconf 69' lang='lat' dir='ltr'>in·</span> <span class='ocrx_word' id='word_1_193' title='bbox 169 2818 353 2902; x_wconf 80' lang='lat' dir='ltr'>oesophagnm</span> <span class='ocrx_word' id='word_1_194' title='bbox 364 2836 480 2900; x_wconf 72' lang='lat' dir='ltr'>apertos</span> <span class='ocrx_word' id='word_1_195' title='bbox 495 2822 632 2900; x_wconf 74' lang='lat' dir='ltr'>reperiri:</span> <span class='ocrx_word' id='word_1_196' title='bbox 659 2840 752 2881; x_wconf 79' lang='lat' dir='ltr'>nerum</span> <span class='ocrx_word' id='word_1_197' title='bbox 767 2819 910 2901; x_wconf 83' lang='lat' dir='ltr'>glandulis</span> <span class='ocrx_word' id='word_1_198' title='bbox 922 2817 964 2876; x_wconf 82' lang='lat' dir='ltr'>hin</span> 
     </span>
     <span class='ocr_line' id='line_1_29' title="bbox 815 2917 981 2974; baseline -0.018 0"><span class='ocrx_word' id='word_1_199' title='bbox 815 2917 981 2974; x_wconf 83' lang='lat' dir='ltr'>secundum</span> 
     </span>
    </p>
   </div>
   <div class='ocr_carea' id='block_1_6' title="bbox 134 3069 746 3452">
    <p class='ocr_par' dir='ltr' id='par_1_6' title="bbox 145 3069 576 3141">
     <span class='ocr_line' id='line_1_30' title="bbox 145 3069 576 3141; baseline -0.002 -21"><span class='ocrx_word' id='word_1_200' title='bbox 145 3074 187 3141; x_wconf 73' lang='lat' dir='ltr'>(a)</span> <span class='ocrx_word' id='word_1_201' title='bbox 208 3073 324 3138; x_wconf 74' lang='lat' dir='ltr'>Anatom.¹</span> <span class='ocrx_word' id='word_1_202' title='bbox 336 3088 388 3131; x_wconf 84' lang='lat' dir='ltr'>cap.</span> <span class='ocrx_word' id='word_1_203' title='bbox 403 3073 431 3119; x_wconf 84' lang='lat' dir='ltr'>de</span> <span class='ocrx_word' id='word_1_204' title='bbox 442 3069 576 3136; x_wconf 73' lang='lat' dir='ltr'>oesophago.</span> 
     </span>
    </p>

    <p class='ocr_par' dir='ltr' id='par_1_7' title="bbox 143 3147 500 3221">
     <span class='ocr_line' id='line_1_31' title="bbox 143 3147 500 3221; baseline 0.003 -23"><span class='ocrx_word' id='word_1_205' title='bbox 143 3155 184 3221; x_wconf 80' lang='lat' dir='ltr'>(b)</span> <span class='ocrx_word' id='word_1_206' title='bbox 204 3156 230 3201; x_wconf 94' lang='lat' dir='ltr'>ln</span> <span class='ocrx_word' id='word_1_207' title='bbox 244 3155 323 3200; x_wconf 73' lang='lat' dir='ltr'>eadem</span> <span class='ocrx_word' id='word_1_208' title='bbox 336 3147 500 3199; x_wconf 70' lang='lat' dir='ltr'>dillcrtatinnc.</span> 
     </span>
    </p>

    <p class='ocr_par' dir='ltr' id='par_1_8' title="bbox 141 3227 715 3378">
     <span class='ocr_line' id='line_1_32' title="bbox 146 3227 715 3298; baseline -0.005 -19"><span class='ocrx_word' id='word_1_209' title='bbox 146 3236 181 3298; x_wconf 84' lang='lat' dir='ltr'>(c)</span> <span class='ocrx_word' id='word_1_210' title='bbox 202 3233 316 3279; x_wconf 78' lang='lat' dir='ltr'>Anatom.</span> <span class='ocrx_word' id='word_1_211' title='bbox 332 3231 403 3295; x_wconf 84' lang='lat' dir='ltr'>Corp.</span> <span class='ocrx_word' id='word_1_212' title='bbox 417 3230 482 3276; x_wconf 79' lang='lat' dir='ltr'>hum:</span> <span class='ocrx_word' id='word_1_213' title='bbox 495 3227 579 3277; x_wconf 81' lang='lat' dir='ltr'>differt.</span> <span class='ocrx_word' id='word_1_214' title='bbox 592 3227 624 3277; x_wconf 88' lang='lat' dir='ltr'>iii.</span> <span class='ocrx_word' id='word_1_215' title='bbox 637 3244 661 3290; x_wconf 90' lang='lat' dir='ltr'>p.</span> <span class='ocrx_word' id='word_1_216' title='bbox 676 3242 715 3285; x_wconf 80' lang='grc' dir='ltr'>ςς.</span> 
     </span>
     <span class='ocr_line' id='line_1_33' title="bbox 141 3303 571 3378; baseline -0.012 -23"><span class='ocrx_word' id='word_1_217' title='bbox 141 3309 189 3378; x_wconf 66' lang='grc' dir='ltr'>(Δ)</span> <span class='ocrx_word' id='word_1_218' title='bbox 207 3307 445 3354; x_wconf 72' lang='lat' dir='ltr'>Adversaranatom.</span> <span class='ocrx_word' id='word_1_219' title='bbox 459 3303 492 3351; x_wconf 86' lang='lat' dir='ltr'>ill.</span> <span class='ocrx_word' id='word_1_220' title='bbox 509 3323 532 3368; x_wconf 91' lang='lat' dir='ltr'>p.</span> <span class='ocrx_word' id='word_1_221' title='bbox 547 3323 571 3363; x_wconf 91' lang='lat'>5.</span> 
     </span>
    </p>

    <p class='ocr_par' dir='ltr' id='par_1_9' title="bbox 134 3379 746 3452">
     <span class='ocr_line' id='line_1_34' title="bbox 134 3379 746 3452; baseline 0.007 -20"><span class='ocrx_word' id='word_1_222' title='bbox 134 3379 184 3452; x_wconf 74' lang='grc' dir='ltr'>Ι(ε)</span> <span class='ocrx_word' id='word_1_223' title='bbox 207 3387 240 3431; x_wconf 85' lang='lat' dir='ltr'>De</span> <span class='ocrx_word' id='word_1_224' title='bbox 254 3384 356 3432; x_wconf 82' lang='lat' dir='ltr'>Animal.</span> <span class='ocrx_word' id='word_1_225' title='bbox 369 3387 457 3434; x_wconf 72' lang='lat' dir='ltr'>uiuent,</span> <span class='ocrx_word' id='word_1_226' title='bbox 472 3387 496 3433; x_wconf 89' lang='lat' dir='ltr'>in</span> <span class='ocrx_word' id='word_1_227' title='bbox 511 3386 625 3432; x_wconf 81' lang='lat' dir='ltr'>vlvcutib.</span> <span class='ocrx_word' id='word_1_228' title='bbox 641 3386 746 3452; x_wconf 73' lang='lat' dir='ltr'>repertis·</span> 
     </span>
    </p>
   </div>
   <div class='ocr_carea' id='block_1_7' title="bbox 120 3463 583 3537">
    <p class='ocr_par' dir='ltr' id='par_1_10' title="bbox 120 3463 583 3537">
     <span class='ocr_line' id='line_1_35' title="bbox 120 3463 583 3537; baseline 0.013 -25"><span class='ocrx_word' id='word_1_229' title='bbox 120 3505 122 3512; x_wconf 94' lang='lat'>.</span> <span class='ocrx_word' id='word_1_230' title='bbox 144 3469 193 3537; x_wconf 72' lang='lat' dir='ltr'>(f)</span> <span class='ocrx_word' id='word_1_231' title='bbox 214 3467 249 3514; x_wconf 86' lang='lat' dir='ltr'>De</span> <span class='ocrx_word' id='word_1_232' title='bbox 260 3463 386 3518; x_wconf 75' lang='lat' dir='ltr'>lumbricol</span> <span class='ocrx_word' id='word_1_233' title='bbox 401 3467 460 3529; x_wconf 81' lang='lat' dir='ltr'>laro,</span> <span class='ocrx_word' id='word_1_234' title='bbox 477 3484 527 3533; x_wconf 81' lang='lat' dir='ltr'>cap.</span> <span class='ocrx_word' id='word_1_235' title='bbox 535 3483 583 3528; x_wconf 53' lang='grc' dir='ltr'>ες,</span> 
     </span>
    </p>
   </div>
   <div class='ocr_carea' id='block_1_8' title="bbox 0 0 1197 4238">
    <p class='ocr_par' dir='ltr' id='par_1_11' title="bbox 0 0 1197 4238">
     <span class='ocr_line' id='line_1_36' title="bbox 0 0 1197 4238; baseline 0 0"><span class='ocrx_word' id='word_1_236' title='bbox 0 0 1197 4238; x_wconf 95' lang='lat' dir='ltr'> </span> 
     </span>
    </p>
   </div>
  </div>
 </body>
</html>
