2390 4082
233 203 272 266 το
367 181 669 248 coneunn.
701 181 966 246 nunnoni.

273 349 370 389 corum
384 327 413 385 in
427 326 517 398 viris3
539 348 593 406 pro
606 329 828 412 ligamentorum
848 328 923 388 uteri
941 317 1082 386 rotundo-

272 442 336 482 rum
351 419 379 478 in
394 419 582 494 mulieribus,
605 423 634 480 in
648 421 767 490 henniis,
792 443 845 502 pro
868 419 992 480 intestini
1005 434 1034 479 et
1046 441 1082 477 o·

272 511 362 570 menti
377 535 384 575 ;
405 509 599 572 ascendentem
613 535 679 571 vero
690 526 719 572 et
734 513 915 593 transverficm
929 531 985 570 non
994 530 1082 591 peue-

276 611 365 664 mant,
381 595 426 654 sed
440 595 490 654 sub
506 617 603 658 eorum
617 599 707 658 limbo
722 597 878 660 transeunt.

1173 537 1176 642 i

221 689 429 772 ¹ligamentum
446 693 594 769 Poupartii
607 695 716 764 ditium
736 695 809 754 inter
822 695 930 774 spinam
944 693 991 753 ilci
1006 707 1035 754 et
1048 715 1083 754 ot
1176 759 1177 762 ,

274 787 359 868 pubis
375 810 384 856 3
404 786 455 844 sub
470 807 530 862 quo
541 787 604 848 vasa
617 789 749 860 cruralia,
765 789 905 852 musculus
919 788 1012 869 psoaa,
1027 785 1083 852 dte·
1177 863 1178 870 ἵ

278 877 474 961 egrediuntur.

238 979 327 1060 Usum
354 996 380 1034 1.
402 975 547 1034 continere
557 992 586 1036 et
600 976 750 1036 defendere
760 989 894 1036 contenta
904 972 1060 1034 abdominis
1072 996 1082 1042 ς

225 1135 227 1144 ,
278 1093 306 1134 2.
322 1087 401 1132 motu
415 1069 463 1129 suo
484 1085 622 1150 perpetuo
649 1069 832 1152 digestionem
856 1081 884 1128 et
910 1064 1083 1154 progressum

276 1167 355 1246 chyli
364 1167 481 1244 juvare;
512 1179 539 1235 3.
554 1159 742 1220 excretionem
757 1159 866 1228 saecum,
880 1157 977 1226 urinae,
998 1155 1083 1231 soetue
1181 1227 1182 1236 ἵ

251 1271 306 1322 'et
321 1256 543 1326 secundinarum,
571 1272 698 1333 ternpore
720 1270 829 1335 partun,
850 1275 1031 1336 promovere;
1052 1274 1084 1331 4.

277 1351 453 1433 respirationi
476 1350 622 1421 inservire;
644 1369 672 1429 5.
694 1352 826 1410 flexiones
847 1351 973 1430 corporis
995 1348 1086 1408 variae
1182 1342 1183 1358 ³

257 1525 259 1530 Ι
278 1453 428 1530 adjuvare3
451 1449 479 1504 6.
495 1448 531 1504 ad
544 1448 680 1506 vomitum
694 1460 722 1504 et
738 1464 767 1522 7,
782 1446 856 1517 sorte
879 1445 964 1507 etiam
983 1445 1020 1503 ad
1032 1442 1085 1502 sal·

280 1554 341 1601 tum
361 1559 534 1597 concurrere.

280 1638 349 1694 206.
361 1635 532 1692 Musconis
543 1633 700 1696 abdominis
714 1633 869 1696 transversa
882 1632 1008 1712 proxime
1022 1632 1086 1691 sub·

235 1730 313 1812 jacet
342 1739 371 1784 et
399 1723 523 1783 adhaeret
551 1745 775 1788 nuntronreun
791 1750 799 1786 r
815 1727 893 1805 quod
919 1725 957 1784 est
983 1724 1088 1796 tenuit,

240 1823 314 1881 laevis
329 1834 358 1879 et
370 1819 477 1877 lubrica
491 1818 664 1890 membrana,
673 1834 767 1880 totum
777 1821 915 1880 abdomen
928 1817 1044 1876 interius
1059 1831 1091 1880 et

225 1915 375 1996 'pleraque
389 1915 447 1993 ejus
462 1910 564 1970 viscera
587 1912 743 1986 investiens,
757 1934 845 1996 eaque
859 1913 934 1990 quafi
955 1911 984 1969 in
998 1911 1090 1982 sacco,

240 2007 398 2066 continens.
442 2003 498 2062 sed
513 1999 656 2080 speciatim
679 2003 793 2063 omnino
816 2000 931 2061 involvit
951 2006 1089 2060 ventricu-

240 2095 310 2166 lum,
334 2095 477 2172 intestina,
502 2096 701 2171 mesenterium,
722 2110 867 2161 omentum,
882 2095 978 2170 hepar,
992 2094 1092 2153 lienem

240 2195 269 2244 et
277 2199 439 2262 pancreas:
460 2203 522 2260 quae
531 2182 634 2242 viscera
641 2201 792 2265 propterea
806 2186 834 2243 in
849 2182 1032 2260 duplicatione
1041 2199 1089 2262 pe·

242 2281 352 2337 ritonaei
364 2279 414 2336 sita
429 2279 480 2336 esse
493 2279 634 2338 dicuntur.
657 2282 746 2341 Renes
759 2303 835 2351 vero,
849 2294 980 2352 necteres,
994 2284 1089 2344 cister·

242 2390 318 2438 nam,
333 2371 399 2450 vasa
411 2371 548 2450 majorum
556 2373 715 2441 abdominis,
724 2376 775 2428 &o
786 2370 873 2429 solum
884 2372 920 2429 ab
930 2373 1069 2442 anteriore
1080 2399 1090 2447 ς

241 2461 289 2522 sed
302 2463 442 2521 veficama
455 2477 537 2542 parte
548 2463 687 2542 superiore
697 2463 782 2546 tegit,
792 2464 871 2522 aliter
885 2486 971 2542 quam
984 2465 1012 2524 in
1020 2468 1091 2526 bru·

242 2554 320 2616 tia&
364 2558 399 2617 In
427 2558 590 2618 mulieribus
618 2557 703 2618 etiam
730 2573 812 2618 utero
826 2574 969 2619 externam
981 2562 1089 2638 praebet

243 2666 376 2793 pppeauna
396 2733 504 2792 constat
525 2735 649 2813 duplici:
672 2737 746 2796 inter
760 2759 830 2815 quaa
845 2739 906 2801 vasa
921 2742 1094 2824 umbilicalia

283 2824 333 2961 fist?
343 2825 376 2900 †,
397 2825 546 2904 multisque
559 2829 588 2886 in
602 2830 670 2888 socia
683 2832 839 2910 substantia
861 2836 985 2918 cellulofii
998 2828 1096 2897 cinsta

283 2925 298 2962 e
323 2945 331 2960 ,
794 2949 796 2956 ,

246 2983 413 3065 ligamenta
426 2983 511 3047 efficit
525 2986 647 3068 hepatia,
667 3013 742 3050 venae
757 3007 785 3056 et
799 2993 964 3054 arteriarum
978 2995 1097 3056 umbssi-

281 3071 592 3143 casium,intestinorum
602 3079 688 3152 varia,
699 3082 772 3141 uteri
779 3081 848 3154 lata,
854 3084 963 3164 aliaque
971 3087 1096 3146 minora.

899 3209 925 3246 >v
952 3181 1095 3260 Proceffus

164 3307 168 3314 ’
278 3313 297 3354 Ψ
316 3321 377 3388 Qo'
387 3323 461 3371 modo
471 3321 570 3372 vesicam
587 3336 659 3394 tegit,
673 3329 758 3395 figuras
769 3332 885 3400 eleganter
896 3335 998 3385 ostendit
1011 3335 1104 3403 Chesel·

212 3416 214 3420 ·
237 3400 287 3455 len.
305 3405 363 3453 Lib·
374 3407 403 3452 de
415 3404 462 3454 Ast.
476 3405 543 3470 App.
555 3408 596 3458 ubi
605 3410 653 3463 hoc
663 3409 721 3461 scitu
731 3412 823 3464 summe
834 3413 865 3464 est
874 3413 1033 3467 neeeffarnnn.

276 3484 292 3545 †
309 3484 418 3534 Santerin.
429 3501 455 3552 p.
471 3492 525 3545 164.
