2424 4092
264 218 324 261 ,οι
405 173 1011 300 oouruuu'AuArou.

384 361 503 438 duplices
530 357 687 440 occipitales
715 361 813 425 statuit
842 365 1021 440 Samonium,
1051 369 1119 428 obl]

383 467 457 511 anat.
475 474 504 530 p.
523 455 551 510 8.
567 467 595 512 et
611 474 638 530 9.
658 455 721 536 (a).

265 574 335 636 314.
370 551 650 622 surrecturouuu
679 564 858 646 Corragum,
886 564 939 622 five
969 565 1122 642 Depreffor'

303 672 399 712 unua:
419 655 510 716 oritur
524 658 657 736 utrinque
682 680 697 717 a
712 657 805 718 Μία
829 660 893 728 nale,
916 659 986 718 etin
1001 674 1115 717 utrum·

303 763 360 820 que
383 742 562 822 supercilium
577 750 693 828 oblique
708 751 848 823 inseritur,
864 775 935 830 ‚quae
950 752 986 812 ad
1000 751 1026 808 se
1040 748 1115 808 inri-

231 843 234 852 ‘
299 855 363 894 cem
383 839 515 909 adducit,
532 857 560 900 et
582 843 663 902 limul
683 846 810 905 deorsum
834 861 943 906 movet:
976 843 1120 904 frontalea

213 983 216 989 .
300 948 413 1004 contra,
440 959 480 1018 'ea
507 939 652 1000 attollunt.
695 943 818 1004 Videtur
841 944 910 1003 mihi
938 964 1004 1020 pars
1033 940 1114 1020 quala

302 1019 488 1100 frontalium3
512 1029 662 1088 Santorrno
678 1052 743 1090 vero
757 1054 822 1116 pars
837 1031 1004 1092 orbicularis
1023 1032 1077 1110 (h).

168 1161 171 1168 ’
265 1164 328 1224 3¹5·
350 1150 617 1222 Purrnuneeuu,
637 1154 730 1215 Tres:

191 1309 195 1321 x
263 1241 439 1302 orbicularis
455 1243 687 1316 leuconllriblor,
710 1267 800 1306 unua:
823 1244 916 1305 oritur
930 1244 1113 1324 exapophysr

303 1332 440 1410 superiori
454 1334 515 1394 offis
528 1335 691 1406 maxillaris,
709 1339 792 1415 juxta
802 1336 877 1395 oculi
899 1339 1034 1395 canthum
1048 1356 1111 1397 ma·

296 1424 410 1501 jorem;
431 1425 510 1484 fibris
538 1426 743 1484 orbicularibua
768 1442 917 1504 utramque
943 1426 1110 1504 palpebram

301 1515 403 1584 ambit,
425 1515 525 1592 easque
547 1516 672 1575 claudit:
704 1530 792 1594 atque
815 1537 848 1576 eo
875 1516 935 1595 ipso
962 1516 1112 1594 supercilia

230 1637 233 1648 ·
299 1603 432 1681 deprimit
447 1621 476 1664 et
497 1606 614 1667 adducit
631 1605 691 1686 (c),
712 1620 741 1666 et
762 1607 928 1686 palpebram
950 1605 1113 1666 inferiorem

303 1693 394 1758 elevat
411 1695 474 1778 (d).

261 1801 402 1864 Elevaur
424 1810 553 1883 proprius
575 1807 714 1885 palpebre
731 1795 895 1888 superioris.
951 1803 1052 1864 Oritur
1078 1805 1108 1864 in

300 1894 390 1954 fundo
405 1897 519 1967 orbitae,
539 1899 722 1980 progreditur
736 1899 816 1975 super
840 1895 1008 1954 elevatorem
1021 1895 1107 1966 oculi,

300 2000 330 2046 et
354 1987 483 2047 inseritur
505 1988 648 2068 palpebrae
676 1985 826 2071 superioria
854 1985 989 2066 margini,
1018 2007 1112 2064 prope⁴

302 2078 501 2159 cartilaginem
516 2081 595 2138 tarsr.

196 2241 200 2251 ,
260 2185 402 2261 Deprefflr
410 2185 549 2261 palpebra
562 2190 726 2264 inferioris.-
748 2183 785 2243 est
800 2183 881 2244 series
896 2184 1032 2243 fibrarum
1045 2205 1106 2262 car·
1182 2183 1183 2188 '

300 2295 426 2343 neutum,
450 2277 535 2332 modo
549 2277 672 2345 tenuior,
694 2276 779 2333 modo
793 2275 915 2347 craffior‚
931 2290 1042 2334 excute
1055 2297 1106 2356 ge·

302 2385 411 2434 narum,
432 2367 603 2444 quandoque
618 2387 651 2424 ex
666 2365 719 2424 olle
729 2364 822 2445 jugali
837 2365 1013 2444 proveniem,
1034 2367 1105 2425 etin

301 2456 469 2524 orbicularis
483 2478 563 2515 oram
585 2457 746 2516 inferiorem
769 2455 886 2533 oblique
915 2455 1063 2513 introrsum
1078 2457 1105 2516 se

298 2547 440 2606 inserens:
463 2548 567 2626 quibus
581 2547 718 2627 palpebra
733 2546 860 2618 inferior,
882 2548 901 2604 fi
925 2547 979 2606 rite
993 2550 1104 2607 attend·

299 2659 390 2706 amus,
411 2638 556 2698 manifesto
568 2639 697 2698 deorsum
709 2636 844 2705 trahitur,
865 2639 979 2713 quando
993 2639 1106 2698 oculum

298 2747 450 2804 aperrmus.

262 2839 331 2904 216.
354 2839 512 2896 Muscunr
532 2835 728 2896 ocum-sunt
754 2833 859 2914 septem
882 2831 911 2892 in
932 2832 1038 2908 bestiis,
1058 2836 1106 2898 sed

298 2921 470 2983 sextantum
486 2923 513 2982 in
529 2921 643 2984 homine
657 2923 719 3004 (d),
743 2923 875 2982 nimirum

1026 3018 1107 3076 Rem

288 3105 325 3172 (a)
343 3107 476 3155 Dehornm
500 3105 649 3168 aliorumque
671 3107 830 3155 musculorum
855 3107 922 3158 faciel
943 3109 1046 3156 varietate
1061 3105 1106 3166 regi

253 3189 356 3231 meretur
368 3182 476 3231 Waltberr'
497 3181 623 3233 Tenerior.
641 3184 768 3234 musculor.
792 3186 912 3234 Anatome
929 3197 998 3248 1731.
1013 3181 1096 3245 Lipfia

253 3255 323 3304 odire.
757 3275 759 3284 r

288 3333 323 3400 (b)
343 3336 442 3384 Obserr.
455 3346 518 3384 anat.
533 3352 557 3397 p.
569 3339 594 3386 8.
609 3349 669 3397 et‘9.

288 3409 325 3472 (c)
344 3409 470 3474 Morgagn.
486 3411 582 3460 advers.
598 3413 624 3461 li.
639 3420 681 3464 ze.

287 3485 327 3550 (d)
347 3485 411 3532 ldem
425 3487 521 3534 Advers.
536 3489 566 3537 vi.
581 3509 623 3552 44.
838 3511 854 3530 υ

287 3557 323 3621 (e)
342 3558 381 3604 Ab
393 3558 507 3622 Eustochio
517 3563 606 3625 optime
620 3562 727 3612 delineati
739 3565 807 3620 Tau·
818 3565 905 3618 xxxix.
