2424 4092
299 263 346 328 De
363 266 556 325 Nnuvonuu
580 253 797 318 Sunucnunu.
922 264 980 327 ης

68 417 72 423 ’
169 439 284 488 motum
297 419 523 505 diaphragmatis
543 418 672 488 alluido,
696 416 725 474 in
738 414 783 488 his
808 410 898 471 nervis
909 431 981 470 con·

177 538 270 591 tento,
292 523 360 580 oriri
377 535 405 581 et
419 517 576 579 instaurari.

130 621 165 680 6·
188 621 279 676 Somni
291 630 319 672 et
333 619 390 695 vigi
391 615 497 671 barum
509 622 615 668 natura
629 608 684 666 fine
697 603 841 684 spiritibus
853 615 902 660 aut
912 599 981 658 flui-

177 709 216 766 do
231 725 331 763 nerveo
345 701 467 782 intelligi
482 703 556 759 redte
572 699 682 776 nequit,
704 713 733 755 ct
755 715 836 754 nemo
856 715 917 768 eom
931 694 983 751 ad·

177 801 235 858 huc
249 799 304 856 fine
320 796 363 854 his
378 797 453 854 clare
466 794 605 873 exposuit

139 904 167 960 7.
189 889 281 946 Cura
288 890 383 948 nimia
398 907 505 955 uenere,
520 882 686 964 presertim
678 904 706 940 m
721 882 918 951 debilioribus,
933 893 984 942 aut

177 980 268 1036 minus
283 977 412 1044 robustis,
434 991 515 1035 tanta
530 977 600 1054 laepe
613 975 747 1052 sequatur
768 977 905 1046 debilitas,
929 977 984 1038 fine

177 1065 321 1144 spiritibus
335 1064 469 1141 explicari
484 1080 533 1123 aut
548 1062 659 1139 concipi
674 1083 729 1119 non
744 1066 845 1140 potest.

134 1161 169 1218 8.
192 1163 291 1235 Neque
307 1155 433 1216 debilitas
448 1180 466 1215 a
471 1157 681 1232 studiis·nimiis
698 1156 740 1210 vel
756 1155 783 1211 in
798 1155 895 1214 inultis
910 1179 987 1217 mor·
1060 1183 1064 1196 ¹

177 1249 232 1318 bis,
253 1263 282 1306 et
297 1247 450 1326 praesertim
464 1246 609 1305 subitanea
622 1242 671 1300 illa
686 1246 941 1320 uiriumprostratio
955 1253 986 1308 in

105 1355 110 1362 '
171 1347 299 1422 febribus
315 1347 459 1424 inab'gnis,
481 1344 518 1402 ab
543 1341 602 1401 ullo
616 1340 671 1397 fine
686 1338 829 1418 spiritibus
844 1341 987 1423 hucusque

181 1436 251 1494 bene
266 1435 391 1512 expolita
405 1433 453 1492 est.

137 1531 230 1608 9.{Ex
244 1534 441 1588 incrementoet
447 1531 601 1588 accretione
605 1525 772 1604 plantarum
785 1549 819 1587 ac
831 1531 986 1611 liuliu'um,

180 1611 257 1668 verbi
277 1611 383 1691 gratia,
404 1611 572 1676 cerasorum,
593 1628 759 1688 prunorum,
782 1615 834 1668 dec.
860 1612 892 1668 in
915 1635 987 1692 quo.

180 1726 243 1763 rum
270 1701 434 1780 pedunculis
461 1701 539 1758 fibrae
568 1699 622 1756 fine
650 1699 819 1758 cavitatibue
849 1705 988 1783 conspici-

178 1804 277 1857 untur,
293 1803 320 1847 et
335 1805 427 1848 tamen
442 1783 551 1847 luceum
564 1789 616 1844 five
634 1787 752 1845 fluidum
767 1787 852 1868 longe
866 1795 988 1868 craffius,

182 1899 269 1957 quam
285 1899 413 1935 nerveum
429 1878 478 1934 effe
493 1876 619 1955 ponitur,
641 1877 718 1952 quod
734 1898 788 1934 non
810 1878 898 1937 solum
913 1883 988 1942 fruc·

180 1982 255 2037 tum,
277 1967 323 2025 sed
336 1965 507 2025 duriffimum
524 1963 653 2020 nucleum
674 1963 771 2029 efficit,
794 1985 844 2038 per
863 1984 929 2024 cava
945 1969 987 2026 in·

180 2060 330 2139 conspicua
349 2055 574 2137 pedunculorum
589 2049 714 2120 translre,
737 2051 938 2113 incrementum
960 2076 990 2121 et

182 2150 318 2232 perbellio
333 2147 487 2215 fruduum,
502 2160 638 2220 tanquam
654 2140 813 2199 manifestus
828 2158 856 2201 et
872 2167 927 2203 non
939 2150 988 2208 de-

183 2244 338 2341 negandus
360 2238 485 2309 effecius,
518 2258 604 2315 quam
638 2236 836 2296 evidentiffime
870 2243 987 2303 docent.

174 2332 273 2410 Qare
298 2328 389 2406 igitur
411 2326 597 2386 tenuiffimum
621 2325 759 2382 fluidum
752 2348 780 2382 in
796 2329 885 2385 nervis
908 2315 1001 2406 inulti¹

185 2408 337 2463 concedere
353 2406 455 2474 nolint,
476 2405 615 2465 rationem
637 2406 767 2462 idoneam
782 2427 838 2462 uon
853 2409 959 2466 vidia
926 2411 959 2490 (a
961 2412 989 2490 J.

187 2500 338 2557 Praeterea.

148 2616 195 2658 ιο.
220 2596 344 2670 Spiritus
369 2595 418 2668 qui
440 2601 553 2670 negant,
577 2590 692 2659 nullum,
715 2591 869 2672 velsaltem
883 2595 991 2657 nullum

178 2689 363 2768 perspicuum,
386 2685 460 2764 usum
473 2688 569 2741 nervis
579 2685 647 2741 dare
655 2697 692 2759 po
713 2699 772 2743 unt.
817 2687 847 2744 Si
859 2689 932 2748 enim
947 2695 989 2752 di.
1021 2739 1027 2747 ,

184 2797 264 2851 cunt,
287 2781 407 2840 animum
428 2780 621 2838 contradione
643 2800 790 2837 nervorum
812 2780 990 2862 agere,'1n0.

183 2871 283 2948 tuique
298 2870 470 2948 producere:
494 2869 587 2947 primo
609 2865 767 2924 contradtio
790 2888 879 2944 neque
898 2871 989 2948 perci.

183 2969 262 3049 pitur
276 2966 305 3022 in
321 2986 416 3032 nervo,
439 2984 529 3039 neque
551 2960 731 3021 demonstrari
752 2962 852 3038 potest.
896 2965 989 3022 Dein.

184 3063 219 3119 de
234 3059 438 3137 phaenomenon
460 3051 544 3132 ligati
567 3048 643 3108 nervi
668 3047 802 3123 explicaii
827 3067 988 3124 nequeunt,

185 3151 314 3234 quamvis
329 3147 402 3207 enim
426 3167 524 3236 nervus
539 3145 587 3202 filo
607 3141 772 3222 stringatur,
793 3139 919 3224 ligatuia
931 3147 991 3208 haec

501 3229 564 3294 Τ
579 3253 595 3314 3
851 3235 990 3308 odilonem

174 3406 214 3472 (a)
232 3407 304 3457 conf.
314 3404 346 3455 cl.
358 3403 439 3470 Tappii
457 3401 530 3452 nostri
544 3401 663 3467 praefatlo,
679 3395 790 3464 praemiffa
802 3401 970 3459 quondum'i
943 3421 993 3468 qus
1082 3455 1085 3462 .

133 3484 214 3536 tibro
226 3481 254 3530 de
264 3478 374 3530 sensuum
385 3475 528 3542 lusionibus,
544 3479 585 3530 ubi
606 3475 689 3529 Gabris
690 3491 728 3527 um
746 3473 791 3528 hoc
808 3490 993 3540 negantemo-
956 3474 993 3532 lo·

135 3565 187 3618 lide
197 3569 294 3620 ierunt·
