2362 4096
303 220 351 288 De
378 223 574 290 Otsrnuu
603 224 781 287 Canuti.
922 249 966 310 tp

143 365 199 438 63.
221 357 394 432 Caunrou,
418 367 538 442 quodvet
552 367 681 432 calvaria
695 369 812 444 dicitur,
838 371 877 432 est
894 395 959 452 part

100 456 223 550 eapitis,
235 477 369 536 magnam
380 458 459 516 illam
470 460 570 522 elliam
584 466 738 528 caritatem
749 466 882 539 efficiens,
897 491 961 547 quae

104 562 257 621 cerebrum
271 560 342 619 ali'as
357 561 497 622 includit:
522 565 648 643 adeoque
662 567 758 626 omnia
771 567 837 635 olla,
851 590 914 646 qute
924 573 966 630 ad·

15 669 16 674 ¹
106 655 183 712 lianc
196 655 349 712 cavitatem
369 657 580 718 conficiendam
597 658 778 738 conspirant„
794 663 844 738 offa
868 670 969 724 cranii

115 747 194 804 nobis
207 761 355 806 vocantur.

127 831 133 854 '
151 838 201 911 64.
226 837 307 896 Iueo
321 841 478 918 generatim
487 843 694 904 consideramus
704 846 826 924 figuram
840 847 968 918 evalem,

109 931 286 1010 superficiem
302 934 469 993 exteriorem
482 957 647 1006 convexam,
670 951 703 994 et.
714 938 876 1012 interiorem
891 961 960 998 con·

109 1045 208 1082 cavam
226 1050 233 1088 ;
254 1025 498 1105 magnitudinem,
515 1029 661 1088 crallitiem
685 1029 871 1106 inaequalem3
894 1034 959 1092 sub-

110 1116 256 1183 stantiam,
280 1138 314 1174 ex
332 1119 439 1197 duplici
454 1118 553 1177 tabula
576 1120 629 1177 sive
643 1119 767 1188 lamella,
791 1120 918 1180 interiori
931 1137 966 1183 et·

111 1206 260 1276 exteriori,
279 1229 343 1268 cum
357 1210 507 1287 interjecta
521 1210 620 1285 diplas,
642 1209 695 1266 five
710 1209 872 1278 meditullio,
894 1231 961 1270 con·

111 1301 253 1370 flantem
275 1303 508 1380 compositionem
518 1323 556 1382 ⁴ex
570 1301 682 1360 diversis
697 1301 818 1372 ollibus;
840 1322 961 1364 connex-

111 1394 208 1453 ionem
223 1417 273 1472 per
287 1394 397 1456 suturas
412 1421 421 1466 ς
445 1397 519 1456 ulus.

155 1483 204 1562 65.
227 1487 406 1566 Ossnhujus
424 1482 663 1568 (63)otiosrrnte
681 1483 813 1542 nimirum
836 1505 867 1542 on
883 1484 962 1544 fron·

111 1577 164 1646 us,
202 1579 260 1638 dno
298 1581 459 1661 parietalia,
497 1580 555 1638 duo
589 1594 762 1660 temporum,
799 1581 962 1661 occipitale,
1004 1587 1012 1598 ‘

111 1673 296 1750 sphenoidee,
314 1693 341 1733 et
356 1673 514 1732 ethmoiden
526 1673 556 1728 *.

152 1765 204 1822 66.
228 1765 268 1822 Os,
270 1768 393 1840 frontis,
405 1763 485 1838 quod
493 1776 520 1819 et
531 1762 653 1820 coronule
661 1759 828 1829 dislum„est
838 1764 962 1842 primum

110 1865 203 1927 cranii
225 1887 285 1924 oa:
312 1863 420 1942 duplex
441 1860 472 1919 in
492 1859 666 1930 infantibus,
683 1861 730 1920 sed
754 1875 786 1919 ut
807 1861 962 1938 plurimum

110 1957 229 2036 fimplex
253 1957 281 2014 in
298 1953 424 2022 adultis;
447 1954 615 2030 quandoque
639 1967 733 2010 tamen
757 1965 786 2008 et
808 1952 837 2007 in
859 1951 904 2008 his
926 1953 964 2012 ad

110 2047 210 2104 nasum
221 2046 308 2124 usque
324 2046 452 2107 bifidum.
475 2051 506 2104 ln
520 2049 575 2105 hoc
590 2062 720 2104 notamus
732 2046 825 2113 situm,
840 2045 963 2125 figuram

109 2137 309 2219 irregularem,
323 2137 535 2207 connexionem,
549 2138 708 2208 crallitiem,
730 2137 904 2218 superficiem
918 2139 961 2196 in-

111 2247 239 2301 ternam,
255 2234 283 2292 in
298 2256 353 2312 qua
368 2233 448 2291 fovea
463 2249 492 2292 et
506 2232 659 2292 eminentia
671 2231 845 2299 annotanda,
856 2231 961 2308 quibus

115 2317 246 2374 adhaeret
255 2319 323 2379 smus
333 2322 550 2402 longitudinalia
561 2323 637 2380 durae
648 2323 746 2379 matris
757 2345 765 2391 3
788 2320 962 2398 superficiem

123 2415 280 2474 exstruam,
291 2409 319 2468 in
332 2433 387 2490 qua
396 2413 486 2483 locus,
497 2414 547 2472 ubi
561 2415 604 2472 liti
615 2414 678 2470 sunt
689 2413 804 2470 musculi
815 2414 961 2486 frontalea,

126 2495 307 2568 temporales,
339 2518 422 2582 atque
455 2503 576 2570 annulus
614 2500 816 2580 cartilagineus
845 2502 962 2561 musculi
993 2525 996 2532 ·

118 2589 288 2652 trochlearia
302 2599 391 2672 oculi3
415 2601 573 2680 apophyses
588 2599 713 2678 septem:
737 2618 857 2676 quarum
871 2599 916 2656 sex
927 2601 964 2658 ad
1045 2587 1051 2598 ⁸

116 2681 229 2741 orbitas
251 2691 438 2751 conficiendas
461 2683 653 2761 concurrunt;
675 2689 793 2767 septima
815 2709 881 2748 vero
908 2690 963 2748 olla

113 2776 174 2836 nasi
189 2777 320 2842 sustentat
333 2807 340 2843 ε
363 2785 486 2862 denique
496 2783 568 2844 smua
578 2784 725 2855 frontales,
736 2805 833 2844 eorum
846 2785 925 2844 usum
934 2801 964 2844 et

856 2895 963 2934 variam

144 2983 163 3022 *
182 2987 275 3038 Offibus
286 2991 361 3049 crauil
372 2992 484 3047 nonnulli
495 2993 600 3040 austures
612 2991 676 3038 varia
687 2989 762 3038 adbuc
771 2989 817 3036 alia
834 2987 970 3036 adscribunt

107 3067 220 3125 nomina,
237 3081 312 3128 quam
335 3083 389 3131 qua
411 3086 455 3136 nos
473 3067 636 3116 adduximus:
654 3067 710 3128 quia
730 3081 784 3112 vero
805 3062 893 3125 reliqua
904 3064 969 3126 apud

106 3142 236 3202 scriptores
248 3142 366 3204 prauicos
380 3145 421 3194 vix
433 3154 572 3200 occurrunt,
590 3153 612 3188 et
625 3141 750 3206 tyronibus
763 3139 889 3186 nominum
901 3135 969 3200 copia

107 3207 277 3260 confusionem
290 3221 364 3271 creat,
376 3214 415 3262 hic
427 3232 453 3263 ea
464 3216 574 3272 omittere
586 3211 721 3258 consultum
733 3212 854 3270 duximus,
866 3214 970 3261 retinen·

105 3288 139 3337 do
152 3285 229 3334 solum
242 3286 372 3336 usitatiora.
407 3293 483 3340 Miror
493 3308 547 3340 vero
560 3299 676 3338 recentem
688 3291 715 3338 de
734 3288 819 3338 ollibus
830 3290 969 3354 scriptorem

101 3365 228 3418 nonnulla
238 3366 327 3413 horum
338 3363 420 3418 ollium
431 3367 528 3432 nouuna
539 3362 657 3440 omittere,
663 3373 685 3412 et
694 3379 844 3428 nora,eaque
849 3365 969 3424 inustam,

103 3443 257 3500 substituere·
