2362 4096
5 3455 6 3470 r

5 3477 7 3504 i

5 3505 7 3526 i

5 3733 7 3780 t

5 3783 7 3820 ι

247 199 740 271 ἨιΟεεηυεὈκΔΝτι.
871 231 954 292 [Ξι

86 349 261 431 perficisles
275 351 337 429 post
351 351 478 412 foramen
487 375 634 436 magnum,
650 357 759 434 quibus
768 361 837 420 varii
852 355 955 446 capitis

81 445 222 506 -musculi
236 445 405 503 inseruntur.

143 569 192 626 71.
215 551 252 609 Os
267 554 417 630 septimum
440 557 534 612 cranii
542 574 544 582 ’
545 554 716 632 sphenoides,
738 561 905 633 cuneisorme
928 578 957 621 et
997 615 1001 618 .

5 669 7 722 ξ
102 646 223 721 baſsiare
237 645 365 704 dicitur:
388 647 455 724 quia
483 649 568 706 instar
590 650 671 708 cunei
695 649 954 728 reliquiscalvariae

102 733 201 792 ossibus
217 735 256 792 est
273 736 402 805 infixum,
429 751 458 795 et
472 733 609 814 tanquam
624 740 693 797 basis
709 740 855 820 pleraque,
880 763 955 809 utet

98 827 231 900 -quaedam
246 826 368 884 maxillae
378 827 526 904 superioris
541 829 606 897 ossa,
622 833 698 906 quast
716 832 839 894 sustinet.
864 839 953 920 Figu-

101 933 131 969 ra
146 915 205 988 ejus
216 911 297 972 valde
306 911 472 992 irregularis
482 917 532 985 est,
547 917 621 974 unde
631 919 773 977 nonnullis
784 923 871 980 etiam
883 929 951 984 mul-

99 1009 213 1080 tisorme
225 1005 316 1064 audit.
358 1005 459 1064 Dividi
477 1008 574 1083 potest
598 1009 627 1065 in
650 1009 726 1068 basin
750 1025 777 1069 et
797 1013 885 1072 latera
900 1018 952 1076 five

98 1101 168 1170 alas,
192 1105 229 1160 ad
242 1117 371 1183 tempora
386 1107 531 1183 expansas,
560 1129 592 1164 ac
616 1109 717 1169 deinde
740 1111 767 1168 in
781 1130 891 1190 partem
907 1119 950 1178 su·

90 1191 240 1268 perierem
263 1205 291 1249 et
314 1192 486 1250 inferiorem.
532 1194 566 1250 In
588 1209 669 1270 parte
683 1195 819 1272 superiori
833 1201 904 1259 basis
919 1227 950 1260 o-

98 1283 201 1342 stendit
215 1283 311 1342 sellam
325 1283 460 1360 equinam
480 1285 533 1340 five
556 1285 706 1352 turcicam,
729 1287 779 1343 sub
798 1309 854 1363 qua
870 1292 951 1368 finus

97 1371 179 1441 latet,
191 1374 371 1451 sphenoideus
386 1371 504 1442 didius,
528 1372 577 1450 qui
593 1375 763 1451 quandoque
785 1378 900 1454 duplex,
923 1396 952 1441 et

94 1468 124 1526 in
153 1487 234 1524 nares
259 1464 330 1535 hiat,
359 1467 530 1543 quandoque
559 1465 637 1522 nulla
664 1465 692 1522 in
714 1488 793 1524 nares
819 1483 952 1546 apertura

95 1560 173 1620 adest
188 1560 218 1616 *.
263 1561 412 1618 Interdum
426 1560 510 1618 etiam
524 1573 602 1617 totus
613 1559 660 1616 hic
669 1561 743 1618 finus
756 1562 861 1621 deficit.
904 1565 951 1623 A·

94 1654 240 1733 pophyses
252 1641 339 1710 habet
353 1653 500 1720 tredecim,
515 1652 560 1709 sex
573 1653 698 1710 internas
713 1653 766 1710 sive
781 1654 948 1733 superiores,

5 1733 6 1750 ¹
89 1750 171 1826 juxta
187 1743 430 1819 sellam-equinam
448 1764 454 1798 :
479 1755 508 1799 et
523 1741 627 1818 septem
641 1754 769 1802 externas
785 1744 836 1802 sive
851 1745 947 1804 inseri·

82 1862 157 1899 ores
166 1864 177 1918 ;ι
191 1853 317 1918 quatuor
332 1834 437 1893 scilicet
446 1831 644 1916 ptery'goideas,
660 1835 791 1894 musculis
806 1836 947 1916 originem

94 1935 267 2012 praebentes,
296 1929 513 2006 duasstyloides
540 1929 669 2010 exiguas,
701 1926 833 1984 musculis
861 1928 949 2015 certis¹

82 2028 186 2086 aurulae
214 2025 340 2084 officium
362 2022 494 2080 trochleae
516 2023 699 2098 prestantem
738 2031 767 2075 et
790 2017 946 2094 septimam,

93 2142 159 2200 quae
173 2143 314 2180 vomerem
329 2115 424 2188 subit,
446 2119 525 2176 fossas
548 2133 618 2186 tres,
639 2135 724 2173 unam
738 2113 767 2171 in
781 2112 847 2172 sella
866 2117 946 2192 equi·

84 2241 144 2286 vna,
169 2219 497 2300 duas-interapopiryses
516 2215 733 2299 pterygoideas,
750 2215 837 2274 uariis
853 2217 945 2277 usibus

78 2311 249 2370 -.destinatae.
758 2331 761 2337 ·
849 2335 852 2341 ·

147 2435 197 2489 72.
219 2419 252 2474 Os
263 2423 411 2488 ethmoides,
418 2427 469 2498 seu
484 2417 656 2490 cribrisorme
670 2413 899 2471 odarumcranii
910 2434 944 2472 os

91 2506 263 2568 econstituit.
305 2516 335 2574 In
356 2519 411 2575 hoc
434 2505 633 2572 cdnfideranda
656 2510 734 2576 fitus,
759 2508 879 2564 extensio
893 2529 945 2584 per

68 2625 183 2692 ¹‚nares
197 2620 225 2666 et
239 2609 353 2683 orbitas,
377 2615 481 2692 figura,
505 2605 654 2672 connexio,
669 2603 757 2659 status
773 2599 800 2657 in
815 2599 943 2672 infante3

85 2703 253 2784 ¹apophyses
265 2725 403 2786 quatuor,
423 2722 456 2767 ut
470 2706 554 2782 crista
567 2703 652 2783 galli,
668 2697 739 2778 septi
754 2696 863 2756 narium
877 2718 943 2777 pars

90 2794 230 2872 superior,
256 2813 284 2857 et
298 2804 349 2861 duo
362 2797 563 2878 offaspongiosa
580 2794 658 2872 (quae
673 2792 821 2856 turbinata
839 2811 943 2848 uocan-

64 2889 367 2971 ,2tur)hfiaperirra=†,
391 2893 497 2972 quibus
518 2889 729 2949 Moscscnus
753 2885 810 2942 duo
833 2881 943 2940 minora

851 2973 942 3040 addit,

122 3135 143 3174 ³*
161 3122 234 3210 Qud
253 3143 326 3193 etiam
347 3145 371 3193 in
383 3141 440 3196 Diffi
452 3141 481 3199 de
490 3135 627 3188 civitatibus
639 3129 720 3180 ossium
736 3128 819 3192 capitis
838 3135 943 3188 notatur,

77 3236 141 3287 '1²²8·
158 3237 196 3280 ¹5·

117 3309 131 3370 Ῡ
148 3307 223 3356 Multi
235 3309 277 3357 has
297 3319 373 3373 partes
385 3305 519 3370 spongiosas
530 3317 575 3364 pro
586 3296 739 3363 peculiaribus
751 3293 836 3346 offibus
846 3293 946 3343 habent:
976 3353 980 3370 ,

5 3395 6 3426 1
76 3399 165 3435 ‘rensm
178 3386 232 3450 quia
242 3387 267 3434 in
281 3387 442 3460 annosioribus
453 3385 573 3433 continua
584 3379 639 3432 suut
650 3391 703 3427 cum
714 3372 885 3444 parte-reliqua,
902 3386 946 3438 pro

81 3458 189 3526 parribus
199 3463 327 3516 ethmoidis
335 3463 415 3517 haberi
427 3461 512 3516 solor.
562 3505 564 3510 ,
805 3459 806 3464 ’
