2424 4092
286 183 343 243 190
404 163 703 228 contrariu.
745 166 1008 230 Auaron.

400 345 501 382 nomen
525 324 641 400 accepit.
682 325 823 387 Attamen
847 328 986 388 ramulum
1008 348 1124 410 quoque

400 419 437 476 ad
451 437 545 475 aurem
569 414 699 483 reflectit,
721 418 771 494 qui
789 419 897 478 ramulo
915 418 1025 496 septimi
1044 423 1122 499 paria

393 510 509 588 junthua
524 509 651 568 chordam
665 511 788 582 tympani
799 507 953 566 constituit.

190 684 193 696 ¹
278 621 335 680 VI.
357 620 548 688 Aaronem,
569 615 707 674 ramulum
721 633 807 698 unum
830 615 982 672 alterumve
1002 611 1120 682 emittit,

264 771 269 782 ,
318 737 371 794 pro
387 716 482 776 Nervi
494 710 676 784 intercostalis
689 707 907 764 constitutione:
929 719 992 764 tota
1006 725 1116 772 veroa·

317 810 395 886 lirina
409 828 474 884 para
486 807 526 862 ad
540 800 694 862 musculum
707 798 783 856 oculi
797 802 972 858 adducentem
987 795 1057 854 abit.

277 901 455 976 Interctfiale
468 911 562 955 autem
577 915 610 952 ex
623 892 739 952 ramulis
757 893 876 951 duorum
890 888 1121 969 praecedentium,

316 992 401 1050 velet
416 984 617 1060 ersolusextm
639 994 745 1051 ortum,
766 1001 816 1057 per
838 977 964 1037 canalem
985 979 1117 1037 carotidis

315 1084 431 1142 internae
455 1074 551 1136 cranio
576 1073 643 1142 exit,
665 1086 693 1129 et
703 1076 784 1150 juxta
798 1091 850 1148 par
864 1067 922 1126 viii.
937 1091 988 1146 per
1001 1069 1116 1141 collum,

315 1179 382 1236 hinc
392 1179 475 1254 juxta
488 1171 595 1249 spinam
609 1166 681 1224 dorsi
703 1185 752 1242 per
765 1165 911 1220 thoracem
920 1176 953 1230 et
967 1162 1117 1234 abdomen,

315 1269 453 1348 usquead
467 1263 570 1344 pelvim
584 1257 735 1327 descendit,
756 1257 860 1334 ubique
879 1275 912 1312 ex
931 1254 1008 1332 spina
1022 1275 1117 1312 ramu-

240 1421 247 1430 .
317 1366 362 1424 loa
385 1359 534 1438 accipiens,
557 1352 699 1428 variosque
714 1351 823 1427 plexus,
845 1349 894 1407 situ
919 1347 1067 1426 variantes,
1087 1361 1118 1407 et

313 1459 433 1536 ganglia
459 1445 714 1527 (atconstituens,
749 1461 842 1498 ramos
863 1441 912 1498 dat
941 1439 998 1498 fere
1024 1441 1116 1512 omni-

226 1581 229 1589 ·
315 1549 369 1605 bus
384 1545 411 1602 in
427 1539 511 1607 collo,
532 1535 649 1592 thorace
671 1546 700 1590 et
720 1532 878 1612 abdomine
891 1531 1032 1590 contentis
1048 1554 1116 1611 par·

310 1639 400 1710 tibus,
422 1633 477 1691 imo
492 1643 531 1700 et,
553 1638 585 1685 ut
600 1625 711 1702 Petitur
724 1623 819 1691 d'ocet,
841 1622 930 1680 oculis
949 1623 1006 1702 (b).
1030 1623 1033 1630 '

272 1741 343 1810 VIt.
356 1751 588 1808 Auntronruu
601 1763 608 1800 :
632 1741 742 1799 duobus
758 1739 849 1797 oritur
862 1729 981 1810 truncis,
994 1760 1116 1818 quorum

312 1820 593 1918 altertportiodurat
614 1831 696 1898 alter,
708 1835 799 1908 portio
808 1824 896 1890 mollis
910 1831 997 1891 audit.¹
1021 1871 1023 1874 -
1041 1832 1116 1890 Haec

251 1991 257 1998 .
311 1935 437 1994 foramen
451 1929 512 1990 offis
527 1925 629 2006 petrofi
644 1924 744 1992 intrat,
765 1944 798 1980 ac
811 1937 861 2000 pet
871 1923 947 1982 varia
960 1923 1114 1983 foraminu-

309 2027 339 2084 la
360 2023 556 2100 labyrinthum
580 2019 649 2084 adit,
673 2017 704 2091 (§
719 2007 786 2092 69.)
804 2037 855 2092 per
868 2037 963 2074 omnes
978 2013 1114 2103 ejus'par·

272 2143 273 2148 ¹
310 2131 354 2175 tes
369 2112 547 2192 expanditur,
569 2123 598 2167 et
617 2112 789 2184 primariam
808 2113 908 2186 organi
921 2111 1031 2169 auditus
1041 2115 1114 2186 'par-

233 2265 237 2272 ,
310 2221 366 2266 tem
393 2201 545 2264 constituit.
591 2199 685 2258 Fortia
708 2219 772 2256 vero
799 2201 883 2268 dura,
919 2202 1114 2277 Aquedudum
1182 2219 1183 2264 3

308 2301 428 2375 Fallopii
440 2291 584 2359 tranfiens,
605 2287 725 2346 reflefflt
739 2287 809 2366 saepe
823 2291 971 2370 ramulum,
983 2308 1031 2352 aut
1045 2295 1111 2370 phr-

307 2413 362 2461 res‚
378 2409 417 2448 ex
431 2383 567 2444 anteriori
581 2381 651 2440 facie
676 2377 817 2458 proceffiia
840 2385 942 2461 petrosi
968 2386 996 2442 in
1021 2386 1112 2444 cranii

232 2538 235 2544 ,
305 2503 428 2546 caveam,
440 2475 489 2554 qui
504 2475 553 2533 sub
568 2475 637 2532 dura
651 2493 791 2552 menynge
806 2475 842 2530 ad
856 2477 1041 2554 receptacula,
1057 2485 1112 2538 dte.

306 2574 411 2632 abeunt
428 2569 492 2650 (c);
520 2563 606 2623 alium
621 2583 685 2622 vero
700 2563 775 2621 intus
791 2586 843 2640 pro
858 2568 956 2624 chorda
970 2565 1115 2648 tymphani
1182 2563 1183 2600 ³

256 2699 259 2706 ·
304 2685 368 2722 cum
383 2682 461 2720 ramo
478 2657 569 2737 quinti
586 2655 661 2734 paris
685 2655 886 2730 constituenda,
908 2657 1033 2734 aliosque
1055 2663 1111 2722 fni.
1182 2693 1183 2709 r

304 2776 386 2814 norea
409 2754 446 2810 ad
468 2745 617 2814 musculos,
644 2743 820 2820 reliquasque
842 2747 972 2832 tympani
999 2768 1112 2828 partes,
1182 2787 1183 2812 2

305 2846 428 2922 Reliqua
454 2860 517 2918 paru
546 2839 584 2906 ad,
608 2855 703 2893 aurem
730 2848 883 2907 externam,
905 2839 1110 2919 pericranium,

302 2936 439 3014 musculos
467 2929 528 2988 offis
556 2926 682 3006 hyoidis,
709 2925 863 2997 labrorum,
898 2931 1050 3010 palpebras
1078 2955 1109 2998 et

302 3030 446 3110 parotides
458 3022 533 3082 abit.
963 3040 968 3092 J
1016 3089 1019 3096 ⁴

886 3177 888 3182 ,
937 3121 1102 3181 V111.Vr-

291 3221 328 3286 (a)
347 3223 383 3268 De
400 3218 486 3264 horum
507 3214 595 3262 fabrica
616 3223 639 3261 et
658 3211 700 3260 usu
720 3177 844 3260 mustulari
864 3209 985 3275 Morgagn.
999 3213 1065 3266 Ado.
1078 3215 1105 3265 ii.

258 3311 300 3357 71·
316 3306 338 3340 et
352 3309 376 3338 V·
396 3307 450 3340 101.

290 3363 325 3428 (b)
342 3363 395 3412 Vid.
413 3347 501 3408 Histor'.
522 3359 594 3407 Acad.
618 3361 678 3424 Reg.
705 3363 757 3415 Par.
779 3363 811 3415 A.
827 3377 895 3431 ¹7²7·
915 3380 939 3430 p.
952 3381 978 3423 9.
994 3377 1016 3415 et
1029 3369 1110 3424 Mem.

220 3527 222 3535 ’
256 3461 280 3510 Ρ,
294 3457 333 3580 (ιι.)
344 3519 468 3584 Morgagn.
483 3519 546 3568 hdr.
560 3519 594 3568 ui.
608 3535 632 3584 p.
650 3535 690 3585 34.
791 3583 794 3586 Ι
