2424 4092
260 156 320 218 194
401 141 698 212 counaun.
731 154 997 221 nunnou.

1094 227 1102 236 κ
1167 208 1168 246 l

298 301 492 378 cantumque,
523 309 696 385 compofita:
734 333 797 390 quae
821 316 936 392 quidem
963 318 1116 385 filamenta
1168 308 1169 346 t

296 389 385 448 lolida
397 389 544 470 apparent,
566 412 595 456 et
609 400 685 460 nulla
709 404 738 462 in
761 405 795 464 iis
820 409 924 466 cavitas
941 410 1023 468 facile
1037 433 1113 471 con·
1169 410 1170 444 ³

298 485 413 564 spicitur
431 490 494 568 (a),
515 493 606 551 multo
621 496 712 556 minus
726 497 865 576 liquidum
880 502 909 560 in
923 501 961 560 eis
976 501 1112 562 observa·
1170 510 1171 534 ¹

296 589 354 634 tur.
399 577 510 636 Interea
524 593 617 666 tamen
632 587 781 661 filamenta
801 595 1110 670 nervorumeffecava,
1171 610 1172 656 3

292 680 327 725 et
345 665 497 744 liquidum,
518 673 597 746 quod
622 695 770 734 surtinus
791 679 879 760 vulgo
903 680 946 739 vel
969 683 1111 756 liquidum
1172 739 1173 750 ἶ

298 778 428 816 nerveum
455 773 557 816 vocant
584 761 703 833 Medici,
730 764 759 824 in
781 767 820 824 eia
844 765 995 834 contineri,
1017 787 1109 843 eaque
1173 811 1174 826 r

296 869 449 932 propterea
464 875 519 914 non
534 858 619 919 fibrae
634 862 735 922 solidas
750 865 797 923 sed
814 861 890 926 'vera
915 868 961 942 effe
982 869 1106 944 vascula·

300 947 374 1004 inter
388 946 457 1005 alias
472 947 653 1026 sequentibus
668 957 866 1033 persuademur
880 959 1059 1019 rationibus:

262 1068 289 1110 1·
311 1037 390 1130 Qia
405 1069 420 1106 e
433 1051 549 1146 cerebro
572 1067 601 1114 et
621 1056 721 1136 spinali
736 1058 869 1128 medulla,
891 1060 934 1118 uti
950 1062 1044 1120 duum
1058 1086 1106 1123 ex·
1176 1112 1177 1140 3

234 1197 240 1220 ι
299 1148 413 1204 cretorii
426 1146 474 1204 alii
488 1169 522 1207 ex
536 1151 762 1214 aliiarilceribus
783 1169 811 1214 et
832 1155 985 1237 glandulis»,
1007 1157 1044 1214 ad
1057 1179 1107 1217 ex·
1177 1217 1178 1220 ,

297 1236 507 1328 ίτειηειῐείἰίεεῖ
527 1243 724 1306 arteriolarum
744 1245 886 1308 corticalia
911 1247 1018 1306 cerebri
1040 1250 1107 1323 sub·
1178 1314 1179 1330 ἶ

298 1330 419 1402 stantia,
438 1334 579 1395 oriuntur.

257 1439 292 1480 a.
313 1421 392 1502 Qia
407 1421 507 1502 ingens
522 1425 604 1502 copia
620 1422 764 1505 sanguinis
779 1423 957 1495 subtilillrmi‚
978 1448 1040 1504 quae
1054 1451 1107 1508 per
1179 1414 1180 1420 ἵ

300 1522 423 1582 quatuor
437 1509 558 1589 insignes
573 1512 689 1569 arterias
705 1513 739 1570 ad
749 1512 1042 1571 cerebrum-continuo
1057 1518 1106 1572 de·
1180 1514 1181 1522 ’

299 1601 401 1670 fertur,
423 1603 635 1682 comparatione
648 1601 724 1660 faita
737 1621 802 1659 cum
816 1601 929 1682 hepate,
954 1601 990 1658 ab
1003 1601 1107 1682 exigua

300 1695 405 1757 arteria
418 1697 538 1770 nutrito,
558 1719 612 1777 pro
626 1695 684 1755 sola
698 1693 805 1754 cerebri
822 1692 977 1753 nutritione
992 1715 1047 1754 non
1057 1715 1107 1754 re·
1182 1743 1183 1758 r

301 1783 450 1868 quiretur3
476 1791 525 1849 nisi
540 1794 670 1870 secretio,
692 1805 720 1850 et
744 1789 858 1868 quidem
882 1788 973 1869 larga,
995 1807 1029 1846 ex
1049 1787 1107 1874 ltoe

300 1883 436 1966 sanguiue
449 1882 495 1942 hic
510 1881 599 1941 fieret.

220 1981 227 1994 ⁸
255 1999 289 2059 ς.
311 1978 389 2062 Quia
412 1977 506 2058 primo
530 1992 595 2042 ortu
619 1975 647 2034 in
671 1991 764 2045 utero,
785 1975 822 2033 ad
844 1973 997 2053 pedatiam
1022 1973 1108 2053 usque

239 2073 246 2090 '
298 2069 427 2148 corporis
455 2067 691 2151 magnitudinem,
711 2068 847 2134 crescunt,
879 2065 1050 2145 elongantur
1078 2083 1109 2127 et

300 2171 337 2228 ad
349 2183 505 2227 extremum
519 2165 606 2243 usque
619 2165 684 2224 vitae
696 2164 876 2224 nutriuntur:
900 2165 979 2242 quod
992 2165 1036 2222 vix
1046 2187 1106 2224 ree-
1176 2241 1182 2258 ·

256 2289 260 2296 ¹
293 2276 327 2321 te
343 2260 479 2338 explicari
499 2259 574 2338 polle
596 2271 679 2336 putu,
700 2257 748 2314 nili
770 2257 911 2334 liquidum
926 2271 975 2316 aut
989 2257 1108 2316 fluidum

294 2351 504 2492 'subgiliffimum
527 2351 556 2410 in
574 2350 670 2410 neruis
694 2350 871 2427 admittatur,
894 2355 973 2432 quod
996 2377 1043 2415 eoa
1057 2376 1108 2414 ex·

293 2449 346 2492 'ten
369 2447 409 2492 at.

256 2545 290 2601 ις.
312 2525 392 2610 Qia
414 2545 494 2582 nervo
520 2524 626 2602 resecto,
656 2523 794 2593 Sensus,
825 2520 958 2595 Morus,
992 2524 1049 2582 imo
1076 2542 1109 2587 et

298 2617 476 2675 Nurntnro
491 2612 567 2671 illius
586 2615 687 2693 partia,
708 2616 755 2674 cui
776 2614 959 2685 inserebatur,
980 2617 1105 2677 cessant:

288 2719 375 2765 *certo
389 2705 505 2774 indicio,
525 2703 666 2764 influxum
682 2697 799 2785 alicujus
815 2706 929 2784 liquidi,
944 2709 1022 2784 quod
1036 2708 1108 2771 aliae

295 2800 332 2856 ad
345 2799 405 2856 haec
418 2796 573 2874 praestanda
588 2797 730 2870 affluebat,
752 2800 893 2860 sublatum
908 2800 969 2859 elle.

249 2905 286 2969 55.
310 2886 422 2966 Ligatis
435 2889 541 2955 nervis,
563 2885 638 2944 idem
652 2887 807 2968 contingit,
828 2901 857 2946 et
871 2885 1016 2964 speciatim
1029 2885 1104 2966 liga·

289 2982 372 3058 gatis
389 2977 535 3054 ¹phrem'ct's
558 2977 610 3036 five
633 2979 894 3058 diaphragmaticit,
925 2989 1018 3034 motus
1041 2975 1103 3032 dia·

294 3071 474 3152 phragmatis
497 3071 590 3131 cellat.
632 3072 731 3131 Prellia
754 3093 819 3132 vero
840 3071 939 3130 deinde
953 3069 996 3128 hit
1011 3063 1100 3123 nervia

294 3162 369 3220 infra
383 3161 537 3244 ligaturam
558 3162 648 3222 versut
669 3162 868 3244 diaphragma,
890 3172 981 3216 motus
996 3151 1101 3232 aliquia

204 3295 206 3298 -
293 3251 324 3310 in
346 3251 565 3333 diaphragmate
591 3250 683 3312 redit:
711 3252 790 3328 quod
816 3244 959 3330 perspicue
982 3239 1105 3312 indicat,

992 3351 1107 3398 motum

286 3489 323 3557 )a)
342 3486 495 3538 Leeweuloect
506 3496 585 3537 tamea
597 3487 620 3538 se
634 3501 671 3537 eat
682 3486 764 3553 sapius
781 3484 912 3536 observatu
922 3485 1112 3554 affirmat.Epill.

239 3571 319 3638 ²phys.
330 3565 409 3618 xxxii.
