2376 4238
186 239 429 308 Damascum
443 234 604 298 Tssrtou
617 251 661 296 ,ιτ
679 229 799 294 Psuss.
871 246 928 307 233

86 425 156 488 34²·
179 403 228 464 De
243 417 436 464 usooururs
465 413 632 456 inmensus
649 395 709 472 jam
725 394 739 471 i
756 403 832 472 ²50?
848 402 878 451 et
892 389 932 450 de

26 485 28 490 '
89 543 94 550 .
126 496 288 565 ernostus,
315 497 419 572 §234
444 492 539 550 saum
560 490 621 560 em
640 487 689 547 ses
709 487 813 546 sanans
840 486 934 547 adsue

65 591 66 594 ’
129 581 249 644 musculi
269 581 465 658 testiculorum,
491 584 583 658 penis,
612 580 741 646 arctim,
763 581 823 647 ani,
845 577 935 656 vestcae

85 731 87 734 .
130 687 160 734 ct
174 675 284 752 uaginae
298 676 382 742 uteri,
403 671 451 730 bic
459 671 556 750 paullo
570 667 685 730 uberius
698 666 884 739 describendi.

92 795 162 856 343.
185 773 364 834 Musonius
381 791 580 843 assiscunt,
602 771 770 848 Cremasten
791 767 845 828 five
868 769 936 831 Ele·

131 879 220 938 vator,
229 865 332 933 dictus,
353 865 392 926 est
406 865 500 928 tenuis
514 864 597 925 series
619 865 754 924 fibrarum
777 863 939 922 musculari·

88 1017 90 1024 ,
131 985 192 1032 um,
213 981 275 1040 qnae
289 957 420 1020 oriuntur
433 961 520 1020 modo
543 981 559 1018 a
573 958 698 1020 musculo
711 960 829 1038 oblique
846 960 940 1020 ascen·

132 1061 217 1119 dente
236 1056 406 1126 abdominis,
423 1058 507 1133 juxta
529 1053 625 1112 locum
647 1051 740 1120 illum,
761 1053 811 1111 ubi
831 1073 848 1111 a
872 1056 940 1115 valis

134 1156 308 1234 spermaticis
334 1153 517 1232 perforaturt
550 1151 636 1208 modo
657 1169 675 1206 a
702 1148 855 1208 transverso
880 1147 944 1230 (a),

134 1250 222 1310 modo
247 1269 281 1306 ex
295 1249 354 1327 ipsa
375 1246 454 1324 spina
476 1242 523 1302 ilci
540 1243 598 1324 (b).
642 1244 712 1302 lnde
732 1263 797 1301 cum
819 1245 957 1321 procellu·

135 1337 296 1419 peritonaei,
316 1336 362 1394 cui
382 1336 684 1419 firmiterjunguntur,
706 1330 735 1394 in
758 1336 881 1396 scrotum
895 1339 944 1398 de·

138 1428 285 1497 scendunt,
306 1441 393 1504 atque
422 1427 504 1506 super
530 1429 656 1486 tunicam
681 1427 851 1510 vaginalem,
883 1450 947 1508 quae

138 1518 236 1578 testem
259 1516 391 1586 includit,
411 1517 622 1596 expanduntur.'
660 1519 787 1604 Qando
809 1519 948 1578 constriu-
977 1557 978 1564 κ

137 1623 259 1688 guntur,
279 1608 438 1670 testiculum
459 1609 579 1681 elevant,
601 1626 688 1689 atque
709 1613 789 1680 fimul
813 1615 842 1674 in
855 1615 947 1688 coitu,

138 1700 186 1760 ad*
202 1698 364 1779 genituram
387 1700 485 1758 melius
512 1700 715 1779 expellendam,
744 1705 947 1782 comprimunt.

137 1788 179 1856 ¹In
193 1787 338 1846 emaciatis
352 1787 519 1865 corporibus
533 1788 604 1867 sape
625 1791 695 1849 adeo
710 1805 807 1852 tenues
820 1791 897 1864 sunt,
916 1807 950 1856 ut

141 1879 293 1941 difficulter
306 1881 335 1939 in
348 1879 528 1958 conspectum
540 1883 690 1960 prodeant.

99 1985 291 2070 344Psu1s
318 1982 495 2053 Muscosi,
514 1984 630 2064 proprie
655 1970 768 2044 tantum
795 1987 858 2047 sunt
881 1989 950 2060 duo,

147 2095 333 2138 suscrosss
347 2074 466 2144 scilicet,
488 2073 538 2152 qui
553 2071 689 2150 utrinque
701 2073 833 2135 oriuntur
855 2078 892 2136 ab
907 2077 950 2136 os·

35 2208 41 2212 -
144 2169 219 2228 fibus
242 2165 332 2242 ischis,
354 2167 430 2226 inter
454 2167 538 2244 hujus
565 2165 756 2235 tuberculum,
778 2189 810 2226 ac
837 2169 950 2230 initium

144 2259 271 2337 corporis
286 2258 435 2326 cameruost,
458 2271 487 2318 et
501 2253 622 2334 quilibet
636 2253 696 2314 lato
710 2258 824 2318 teudine
843 2259 872 2318 in
887 2281 950 2320 cor·

109 2431 114 2436 .
150 2378 205 2433 pus
232 2354 410 2412 cavernosum
437 2354 479 2414 ssi
506 2351 603 2412 lateris
631 2351 760 2435 inseritur
777 2354 836 2434 (c).
879 2356 952 2439 Qi,

152 2445 221 2502 dum
234 2443 312 2500 fimul
326 2458 427 2523 agunt,
447 2465 574 2523 premere
582 2463 665 2502 senas
674 2445 747 2502 dorii
761 2446 841 2523 penis
855 2443 955 2504 contra

151 2534 207 2592 olla
219 2533 321 2612 pubis,x
336 2534 473 2592 refluxum
485 2533 627 2618 sanguinis
649 2553 683 2594 ex
709 2555 780 2613 pene
807 2535 955 2616 impedire,
1056 2591 1059 2594 .

152 2638 239 2702 atque
262 2623 309 2693 fic,
346 2626 459 2703 quando
486 2625 607 2710 [anguiis
642 2625 776 2697 fervidus,
818 2643 850 2688 et
877 2629 954 2708 quast

126 2771 128 2778 .
152 2715 301 2786 ebulliens,
323 2716 351 2776 in
366 2715 468 2776 affectu
489 2740 606 2779 venereo
627 2741 679 2798 per
701 2721 816 2781 arterias
843 2721 956 2800 copiose

151 2798 262 2878 influit,¹
293 2813 352 2888 ejus
382 2812 551 2871 senionem
578 2813 686 2874 efficere
712 2817 864 2875 creduntur
893 2815 956 2898 (d).

152 2903 359 2966 Acceleratores
385 2925 453 2968 vero
480 2905 598 2964 musculi
633 2922 719 2985 atque
747 2913 958 2990 ‘l'ransvepfisles

885 3007 957 3070 uicti
997 3040 1000 3056 ν

144 3117 184 3186 (α)
204 3113 314 3167 Santorin,
327 3111 376 3158 obs.
392 3125 444 3174 cap.
459 3109 492 3160 lx.
510 3129 535 3162 ι.
618 3120 623 3128 ·

141 3201 180 3266 (b)
192 3199 248 3247 Vid.
262 3197 332 3261 hujus
342 3191 467 3244 delineatio
476 3195 501 3243 in
513 3193 615 3261 comperi
622 3193 735 3258 Myotom
754 3209 818 3246 nova
828 3197 890 3258 Tab.
902 3205 962 3263 xiii,

144 3283 182 3349 (c)
202 3283 291 3330 Ibidem
302 3281 366 3328 Tab.
383 3277 443 3326 xvii.
456 3289 479 3326 et
491 3277 543 3327 xix.

145 3359 184 3434 (d)
203 3364 387 3414 Schelhammerus
410 3375 481 3422 negat
500 3363 565 3422 hunc
583 3357 700 3413 effectum.
714 3362 739 3410 ln
760 3360 869 3420 Analett.
887 3368 961 3422 Anat,

110 3448 164 3500 snt
179 3447 221 3495 xii.
236 3447 347 3514 Cleselden
368 3463 424 3497 vero
435 3450 465 3497 de
475 3463 502 3496 eo
519 3445 596 3496 solum
616 3448 714 3514 cubitat,
733 3448 757 3496 ln
778 3448 892 3501 Anatom.
903 3455 961 3506 edit.

112 3531 181 3578 “flia
192 3542 214 3578 et
225 3529 529 3601 Waltletusquoquealiter
550 3533 623 3590 sentit
643 3535 669 3586 T
669 3547 732 3586 enen
751 3534 879 3586 musculos.
900 3534 965 3586 llus·

110 3625 174 3672 totu.
185 3631 210 3680 p.
224 3630 265 3677 η,
