2376 4238
401 231 674 363 (unt

103 629 892 778 ADENonocrn

52 1002 144 1076 'an-
237 993 516 1065 Dnuonoom,
538 995 577 1059 est
597 979 727 1055 aroanna
746 993 782 1053 ae
804 993 926 1076 granu.

256 1095 302 1166 lis,
325 1117 396 1172 quas
411 1095 507 1153 Graeci
526 1113 599 1160 anau,
619 1106 743 1161 vocant3
766 1093 925 1155 Latinive.

73 1215 107 1252 ro
117 1197 281 1273 glandulas,
302 1220 318 1255 a
334 1197 485 1279 glandibus
500 1196 575 1255 forte
589 1195 742 1275 quercinis,
757 1215 878 1273 quarum
891 1197 926 1256 sr-

73 1303 178 1364 guram
193 1287 333 1345 nonnullae
349 1285 527 1345 aemulantur.

119 1379 188 1455 356.
211 1377 320 1448 Partes,
342 1379 445 1458 quibus
460 1397 567 1439 veteres
591 1376 734 1460 glandula
758 1397 859 1438 nomen
878 1379 927 1440 de·

72 1462 188 1530 derunt,
210 1465 337 1540 quamvis
361 1481 420 1524 tam
447 1465 523 1524 varia
544 1465 649 1546 figura,
678 1465 876 1546 magnitudine
898 1481 929 1530 et
1019 1509 1024 1516 ,

70 1556 169 1614 colore
190 1558 216 1616 se
235 1559 364 1632 offerant,
386 1585 404 1620 a
426 1564 506 1644 vulgo
526 1578 630 1632 tannen,
653 1564 732 1641 quod
754 1562 929 1638 mirandum,

61 1647 161 1728 facile
174 1653 387 1731 cognoscuntur:
412 1654 606 1714 definitionem
629 1675 707 1724 vero,
728 1656 782 1716 sive
803 1655 928 1740 descrip-

70 1746 183 1804 tionem
197 1768 293 1806 earum
308 1751 386 1818 dare,
403 1773 464 1828 quae
479 1774 575 1811 omnes
592 1773 669 1812 verat
683 1755 833 1836 glandulas
849 1779 927 1818 com·

69 1845 245 1924 prehendat,
267 1860 295 1904 et
312 1845 395 1904 nullis
412 1847 473 1906 aliis
488 1849 617 1926 partibus
632 1851 665 1908 snt
679 1851 847 1922 communis,
858 1873 930 1932 quat

71 1953 195 2010 veteres,
217 1954 276 1998 tam
292 1943 414 2010 nomine,
430 1965 516 2020 quam
532 1967 572 2015 re,
594 1967 610 2004 a
625 1947 769 2026 glandulis
784 1947 929 2012 distinctas

74 2036 304 2118 elsepvoluerunt,
326 2037 460 2116 aliudque
475 2060 576 2096 nomen
592 2039 766 2112 indiderunt,
787 2063 831 2102 res
846 2045 884 2103 est
899 2067 929 2102 a·

74 2125 130 2184 deo
152 2126 288 2199 difficilis,
308 2145 341 2188 ut
363 2127 587 2208 prastantiffimi,
609 2129 812 2211 acutiffimique
825 2134 878 2194 viri
899 2135 930 2196 id

75 2225 222 2302 hucusque
237 2225 366 2301 praesiare
382 2243 437 2281 non
452 2222 609 2301 potuerint.

120 2335 189 2392 357.
211 2315 301 2374 Multi
329 2316 403 2375 enim
425 2315 573 2374 doctissrmi
600 2314 781 2389 Anatomici,
803 2331 832 2379 et
855 2320 931 2380 inter

76 2402 132 2458 hos
154 2401 225 2458 tales
254 2403 392 2470 nonnulli,
414 2407 463 2478 qui
487 2426 520 2462 ex
543 2403 684 2474 instituto,
704 2409 760 2477 vel,
782 2425 815 2469 ut
839 2415 931 2490 ajunt,

78 2511 112 2547 ex
131 2495 241 2568 professo
254 2497 289 2552 de
303 2495 446 2576 glandulis
470 2497 649 2576 seripserunt,
671 2523 823 2584 earumque
847 2525 931 2572 natu-

75 2608 138 2644 ram
153 2589 277 2648 curatius
293 2591 441 2663 extricare,
464 2592 658 2672 illustremque
672 2597 849 2673 studuerunt,
875 2604 932 2664 fine

75 2677 179 2748 dubio,
201 2681 239 2738 ob
255 2683 294 2740 rei
310 2683 518 2756 difficultatem,
541 2682 645 2748 nullam
660 2691 865 2767 definitionem,
881 2711 932 2760 aut

74 2769 253 2850 perspicuam
268 2774 497 2854 descriptionem,
513 2779 662 2852 dederunt,
684 2797 733 2842 aut
748 2785 815 2844 dare
828 2787 933 2866 putrie-

74 2875 164 2920 runt:
188 2885 245 2940 quo
260 2889 325 2926 vero
341 2868 401 2948 ipso
416 2870 578 2947 effecerunt,
601 2893 634 2936 ut
648 2878 746 2939 multae
766 2877 794 2939 in
809 2880 931 2962 glandu-

74 2954 169 3012 larum
195 2957 324 3018 doctrina
349 2977 418 3022 ortae
445 2965 551 3026 suerint
574 2969 749 3031 confusiones
774 2987 861 3050 atque
888 2995 932 3034 er·

75 3066 168 3104 rores.
415 3066 417 3070 '

121 3168 136 3226 3
142 3151 191 3227 58.
215 3148 278 3207 Alii
294 3173 371 3223 vero,
394 3156 444 3234 qui
459 3160 621 3222 audaciores
639 3152 764 3235 suerunt,
784 3182 870 3248 atque
883 3175 932 3234 de·

73 3241 236 3300 finitionem
252 3241 377 3320 aliquam
401 3247 468 3307 dare
492 3251 588 3309 conati
609 3252 683 3323 sunt,
705 3268 855 3336 tantopere
876 3264 933 3324 dis·

72 3347 207 3410 crepant,
230 3347 315 3411 atque
331 3349 389 3394 tam
400 3335 578 3418 imperfectas
594 3354 621 3401 et
636 3343 767 3406 erroneae
782 3348 851 3430 saepe
865 3377 932 3434 pro·

73 3423 217 3493 tulerunt,
239 3439 272 3484 ut
291 3425 334 3484 vel
359 3449 424 3488 cum
447 3431 602 3513 glandulis,
624 3457 694 3516 quas
717 3461 814 3502 omnes
836 3458 933 3508 tamen

73 3533 132 3592 pro
147 3515 254 3580 talibus
266 3521 434 3602 agnoscunt,
450 3546 506 3587 non
520 3531 708 3608 conveniant5
729 3535 773 3596 vel
787 3537 856 3599 alias
868 3561 934 3618 par·

847 3680 851 3684 .
889 3643 931 3690 tel
