<?xml version="1.0" encoding="UTF-8"?>
<!DOCTYPE html PUBLIC "-//W3C//DTD XHTML 1.0 Transitional//EN"
    "http://www.w3.org/TR/xhtml1/DTD/xhtml1-transitional.dtd">
<html xmlns="http://www.w3.org/1999/xhtml" xml:lang="en" lang="en">
 <head>
  <title>
</title>
<meta http-equiv="Content-Type" content="text/html;charset=utf-8" />
  <meta name='ocr-system' content='tesseract 3.04.00' />
  <meta name='ocr-capabilities' content='ocr_page ocr_carea ocr_par ocr_line ocrx_word'/>
</head>
<body>
  <div class='ocr_page' id='page_1' title='image "./compendiumanato00heisgoog_0266.png"; bbox 0 0 2376 4238; ppageno 0'>
   <div class='ocr_carea' id='block_1_1' title="bbox 220 229 928 321">
    <p class='ocr_par' dir='ltr' id='par_1_1' title="bbox 220 229 928 321">
     <span class='ocr_line' id='line_1_1' title="bbox 220 229 928 321; baseline 0.003 -21"><span class='ocrx_word' id='word_1_1' title='bbox 220 241 266 301; x_wconf 85' lang='lat' dir='ltr'>De</span> <span class='ocrx_word' id='word_1_2' title='bbox 287 241 455 302; x_wconf 79' lang='lat' dir='ltr'>Muscurrs</span> <span class='ocrx_word' id='word_1_3' title='bbox 479 229 703 302; x_wconf 79' lang='lat' dir='ltr'>Drcrrorurr.</span> <span class='ocrx_word' id='word_1_4' title='bbox 871 261 928 321; x_wconf 80' lang='lat'>²29</span> 
     </span>
    </p>
   </div>
   <div class='ocr_carea' id='block_1_2' title="bbox 113 394 926 853">
    <p class='ocr_par' dir='ltr' id='par_1_2' title="bbox 113 394 926 853">
     <span class='ocr_line' id='line_1_2' title="bbox 115 394 926 482; baseline 0.004 -25"><span class='ocrx_word' id='word_1_5' title='bbox 115 394 234 458; x_wconf 67' lang='lat' dir='ltr'>flexuros</span> <span class='ocrx_word' id='word_1_6' title='bbox 249 422 358 470; x_wconf 75' lang='lat' dir='ltr'>manus,</span> <span class='ocrx_word' id='word_1_7' title='bbox 380 401 427 458; x_wconf 94' lang='lat' dir='ltr'>cui</span> <span class='ocrx_word' id='word_1_8' title='bbox 452 401 555 482; x_wconf 84' lang='lat' dir='ltr'>magis,</span> <span class='ocrx_word' id='word_1_9' title='bbox 577 415 662 479; x_wconf 84' lang='lat' dir='ltr'>quam</span> <span class='ocrx_word' id='word_1_10' title='bbox 684 399 784 480; x_wconf 80' lang='lat' dir='ltr'>palmae</span> <span class='ocrx_word' id='word_1_11' title='bbox 800 400 926 471; x_wconf 84' lang='lat' dir='ltr'>inservit,</span> 
     </span>
     <span class='ocr_line' id='line_1_3' title="bbox 113 493 925 572; baseline 0.006 -22"><span class='ocrx_word' id='word_1_12' title='bbox 113 493 282 571; x_wconf 79' lang='lat' dir='ltr'>descriptus.</span> <span class='ocrx_word' id='word_1_13' title='bbox 326 494 414 552; x_wconf 85' lang='lat' dir='ltr'>Alter</span> <span class='ocrx_word' id='word_1_14' title='bbox 437 518 503 554; x_wconf 80' lang='lat' dir='ltr'>caro</span> <span class='ocrx_word' id='word_1_15' title='bbox 525 499 676 570; x_wconf 81' lang='lat' dir='ltr'>quadrata,</span> <span class='ocrx_word' id='word_1_16' title='bbox 708 497 759 554; x_wconf 85' lang='lat' dir='ltr'>five</span> <span class='ocrx_word' id='word_1_17' title='bbox 784 496 925 572; x_wconf 76' lang='lat' dir='ltr'>palmaris</span> 
     </span>
     <span class='ocr_line' id='line_1_4' title="bbox 115 587 926 668; baseline 0.006 -24"><span class='ocrx_word' id='word_1_18' title='bbox 115 589 220 655; x_wconf 82' lang='lat' dir='ltr'>brevis,</span> <span class='ocrx_word' id='word_1_19' title='bbox 255 587 343 666; x_wconf 92' lang='lat' dir='ltr'>vulgo</span> <span class='ocrx_word' id='word_1_20' title='bbox 367 588 541 665; x_wconf 83' lang='lat' dir='ltr'>appellatur:</span> <span class='ocrx_word' id='word_1_21' title='bbox 578 589 639 666; x_wconf 89' lang='lat' dir='ltr'>qui,</span> <span class='ocrx_word' id='word_1_22' title='bbox 671 603 703 648; x_wconf 88' lang='lat' dir='ltr'>ut</span> <span class='ocrx_word' id='word_1_23' title='bbox 730 609 816 668; x_wconf 81' lang='lat' dir='ltr'>parva</span> <span class='ocrx_word' id='word_1_24' title='bbox 844 593 926 649; x_wconf 74' lang='lat' dir='ltr'>malla</span> 
     </span>
     <span class='ocr_line' id='line_1_5' title="bbox 116 671 926 759; baseline 0.009 -26"><span class='ocrx_word' id='word_1_25' title='bbox 116 671 229 747; x_wconf 56' lang='lat' dir='ltr'>carnia,</span> <span class='ocrx_word' id='word_1_26' title='bbox 251 677 333 734; x_wconf 75' lang='lat' dir='ltr'>variis</span> <span class='ocrx_word' id='word_1_27' title='bbox 349 678 418 756; x_wconf 81' lang='lat' dir='ltr'>saepe</span> <span class='ocrx_word' id='word_1_28' title='bbox 429 678 741 749; x_wconf 67' lang='lat' dir='ltr'>teudinibusdillindla,</span> <span class='ocrx_word' id='word_1_29' title='bbox 763 684 926 759; x_wconf 81' lang='lat' dir='ltr'>aponeurusr</span> 
     </span>
     <span class='ocr_line' id='line_1_6' title="bbox 114 769 921 853; baseline 0.005 -28"><span class='ocrx_word' id='word_1_30' title='bbox 114 769 250 846; x_wconf 82' lang='lat' dir='ltr'>palmaris</span> <span class='ocrx_word' id='word_1_31' title='bbox 265 769 355 853; x_wconf 85' lang='lat' dir='ltr'>longi,</span> <span class='ocrx_word' id='word_1_32' title='bbox 377 769 458 849; x_wconf 87' lang='lat' dir='ltr'>super</span> <span class='ocrx_word' id='word_1_33' title='bbox 472 771 597 829; x_wconf 85' lang='lat' dir='ltr'>musculo</span> <span class='ocrx_word' id='word_1_34' title='bbox 612 772 767 830; x_wconf 72' lang='lat' dir='ltr'>abdudlore</span> <span class='ocrx_word' id='word_1_35' title='bbox 783 771 921 830; x_wconf 81' lang='lat' dir='ltr'>auricula·</span> 
     </span>
    </p>
   </div>
   <div class='ocr_carea' id='block_1_3' title="bbox 113 859 923 1115">
    <p class='ocr_par' dir='ltr' id='par_1_3' title="bbox 113 859 923 1115">
     <span class='ocr_line' id='line_1_7' title="bbox 118 859 923 944; baseline 0.009 -29"><span class='ocrx_word' id='word_1_36' title='bbox 118 859 169 928; x_wconf 85' lang='lat' dir='ltr'>ris,</span> <span class='ocrx_word' id='word_1_37' title='bbox 190 860 316 931; x_wconf 76' lang='lat' dir='ltr'>iuhaeret,</span> <span class='ocrx_word' id='word_1_38' title='bbox 339 861 486 940; x_wconf 85' lang='lat' dir='ltr'>volamque</span> <span class='ocrx_word' id='word_1_39' title='bbox 499 885 533 920; x_wconf 82' lang='lat' dir='ltr'>eo</span> <span class='ocrx_word' id='word_1_40' title='bbox 548 863 702 944; x_wconf 86' lang='lat' dir='ltr'>constringi</span> <span class='ocrx_word' id='word_1_41' title='bbox 725 865 835 924; x_wconf 87' lang='lat' dir='ltr'>volunt.</span> <span class='ocrx_word' id='word_1_42' title='bbox 880 865 923 922; x_wconf 91' lang='lat' dir='ltr'>U·</span> 
     </span>
     <span class='ocr_line' id='line_1_8' title="bbox 115 945 923 1030; baseline 0.005 -28"><span class='ocrx_word' id='word_1_43' title='bbox 115 961 247 1023; x_wconf 85' lang='lat' dir='ltr'>trumque</span> <span class='ocrx_word' id='word_1_44' title='bbox 262 945 336 1006; x_wconf 88' lang='lat' dir='ltr'>hunc</span> <span class='ocrx_word' id='word_1_45' title='bbox 352 948 505 1026; x_wconf 84' lang='lat' dir='ltr'>palmarem</span> <span class='ocrx_word' id='word_1_46' title='bbox 520 965 630 1030; x_wconf 77' lang='lat' dir='ltr'>eroge,</span> <span class='ocrx_word' id='word_1_47' title='bbox 652 951 744 1008; x_wconf 87' lang='lat' dir='ltr'>etalii</span> <span class='ocrx_word' id='word_1_48' title='bbox 760 951 859 1028; x_wconf 81' lang='lat' dir='ltr'>laepius</span> <span class='ocrx_word' id='word_1_49' title='bbox 875 951 923 1008; x_wconf 83' lang='lat' dir='ltr'>de·</span> 
     </span>
     <span class='ocr_line' id='line_1_9' title="bbox 113 1036 426 1115; baseline -0.003 -19"><span class='ocrx_word' id='word_1_50' title='bbox 113 1036 426 1115; x_wconf 72' lang='lat' dir='ltr'>ficerepblervavimus.</span> 
     </span>
    </p>
   </div>
   <div class='ocr_carea' id='block_1_4' title="bbox 72 1143 923 1503">
    <p class='ocr_par' dir='ltr' id='par_1_4' title="bbox 72 1143 923 1503">
     <span class='ocr_line' id='line_1_10' title="bbox 73 1143 923 1228; baseline 0.001 -26"><span class='ocrx_word' id='word_1_51' title='bbox 73 1163 145 1222; x_wconf 81' lang='lat'><strong>337.</strong></span> <span class='ocrx_word' id='word_1_52' title='bbox 162 1145 376 1228; x_wconf 29' lang='lat' dir='ltr'>&#39;Drorroruu</span> <span class='ocrx_word' id='word_1_53' title='bbox 396 1165 508 1203; x_wconf 76' lang='grc' dir='ltr'>ιιιιιιιιι</span> <span class='ocrx_word' id='word_1_54' title='bbox 525 1143 659 1216; x_wconf 56' lang='lat' dir='ltr'>musculis</span> <span class='ocrx_word' id='word_1_55' title='bbox 684 1144 758 1214; x_wconf 85' lang='lat' dir='ltr'>suut,</span> <span class='ocrx_word' id='word_1_56' title='bbox 786 1145 830 1202; x_wconf 86' lang='lat' dir='ltr'>vel</span> <span class='ocrx_word' id='word_1_57' title='bbox 853 1167 923 1204; x_wconf 84' lang='lat' dir='ltr'>com·</span> 
     </span>
     <span class='ocr_line' id='line_1_11' title="bbox 116 1223 820 1314; baseline -0.01 -19"><span class='ocrx_word' id='word_1_58' title='bbox 116 1257 219 1303; x_wconf 81' lang='lat' dir='ltr'>muner,</span> <span class='ocrx_word' id='word_1_59' title='bbox 242 1237 282 1297; x_wconf 79' lang='lat' dir='ltr'>vel</span> <span class='ocrx_word' id='word_1_60' title='bbox 292 1223 424 1314; x_wconf 74' lang='lat' dir='ltr'>proprii:</span> <span class='ocrx_word' id='word_1_61' title='bbox 818 1251 820 1258; x_wconf 75' lang='grc'>’</span> 
     </span>
     <span class='ocr_line' id='line_1_12' title="bbox 72 1326 755 1406; baseline -0.012 -15"><span class='ocrx_word' id='word_1_62' title='bbox 72 1335 249 1396; x_wconf 74' lang='lat' dir='ltr'>Communes</span> <span class='ocrx_word' id='word_1_63' title='bbox 264 1328 327 1386; x_wconf 84' lang='lat' dir='ltr'>sunt</span> <span class='ocrx_word' id='word_1_64' title='bbox 343 1327 529 1406; x_wconf 84' lang='lat' dir='ltr'>utplurimum</span> <span class='ocrx_word' id='word_1_65' title='bbox 543 1326 698 1385; x_wconf 81' lang='lat' dir='ltr'>tredecim:</span> <span class='ocrx_word' id='word_1_66' title='bbox 722 1339 755 1384; x_wconf 90' lang='lat' dir='ltr'>ut</span> 
     </span>
     <span class='ocr_line' id='line_1_13' title="bbox 159 1423 449 1503; baseline 0.008 -25.257"><span class='ocrx_word' id='word_1_67' title='bbox 159 1423 284 1480; x_wconf 75' lang='lat' dir='ltr'>b&#39;lexores</span> <span class='ocrx_word' id='word_1_68' title='bbox 297 1423 400 1500; x_wconf 82' lang='lat' dir='ltr'>phalari</span> <span class='ocrx_word' id='word_1_69' title='bbox 404 1444 449 1503; x_wconf 79' lang='lat' dir='ltr'>gae</span> 
     </span>
    </p>
   </div>
   <div class='ocr_carea' id='block_1_5' title="bbox 116 1515 926 3332">
    <p class='ocr_par' dir='ltr' id='par_1_5' title="bbox 203 1515 924 1867">
     <span class='ocr_line' id='line_1_14' title="bbox 203 1515 924 1593; baseline -0.004 -14.852"><span class='ocrx_word' id='word_1_70' title='bbox 203 1519 354 1591; x_wconf 75' lang='lat' dir='ltr'>[Primae‚</span> <span class='ocrx_word' id='word_1_71' title='bbox 388 1518 637 1610; x_wconf 70' lang='lat' dir='ltr'>Lunrbricalesiv:</span> <span class='ocrx_word' id='word_1_72' title='bbox 675 1515 725 1593; x_wconf 91' lang='lat' dir='ltr'>qui</span> <span class='ocrx_word' id='word_1_73' title='bbox 753 1515 924 1575; x_wconf 82' lang='lat' dir='ltr'>oriuntura</span> 
     </span>
     <span class='ocr_line' id='line_1_15' title="bbox 275 1606 924 1688; baseline -0.006 -18"><span class='ocrx_word' id='word_1_74' title='bbox 275 1613 351 1670; x_wconf 87' lang='lat' dir='ltr'>tend</span> <span class='ocrx_word' id='word_1_75' title='bbox 355 1612 436 1670; x_wconf 81' lang='lat' dir='ltr'>nibus</span> <span class='ocrx_word' id='word_1_76' title='bbox 465 1611 611 1756; x_wconf 84' lang='lat' dir='ltr'>profundi,</span> <span class='ocrx_word' id='word_1_77' title='bbox 645 1608 729 1665; x_wconf 85' lang='lat' dir='ltr'>unico</span> <span class='ocrx_word' id='word_1_78' title='bbox 757 1606 924 1685; x_wconf 83' lang='lat' dir='ltr'>plerumque</span> 
     </span>
     <span class='ocr_line' id='line_1_16' title="bbox 275 1698 925 1780; baseline -0.005 -21"><span class='ocrx_word' id='word_1_79' title='bbox 275 1700 415 1780; x_wconf 89' lang='lat' dir='ltr'>principio</span> <span class='ocrx_word' id='word_1_80' title='bbox 431 1715 458 1758; x_wconf 86' lang='lat' dir='ltr'>et</span> <span class='ocrx_word' id='word_1_81' title='bbox 472 1701 500 1756; x_wconf 90' lang='lat' dir='ltr'>in</span> <span class='ocrx_word' id='word_1_82' title='bbox 502 1699 630 1758; x_wconf 80' lang='lat' dir='ltr'>seruntur</span> <span class='ocrx_word' id='word_1_83' title='bbox 643 1699 732 1776; x_wconf 82' lang='lat' dir='ltr'>longo</span> <span class='ocrx_word' id='word_1_84' title='bbox 746 1698 860 1756; x_wconf 85' lang='lat' dir='ltr'>tendlne</span> <span class='ocrx_word' id='word_1_85' title='bbox 885 1698 925 1756; x_wconf 81' lang='lat' dir='ltr'>lu·</span> 
     </span>
     <span class='ocr_line' id='line_1_17' title="bbox 273 1786 924 1892; baseline -0.002 -44"><span class='ocrx_word' id='word_1_86' title='bbox 273 1791 393 1858; x_wconf 84' lang='lat' dir='ltr'>teribus,</span> <span class='ocrx_word' id='word_1_87' title='bbox 418 1789 560 1892; x_wconf 87' lang='lat' dir='ltr'>pollicem</span> <span class='ocrx_word' id='word_1_88' title='bbox 595 1786 819 1864; x_wconf 83' lang='lat' dir='ltr'>respicientibus,</span> <span class='ocrx_word' id='word_1_89' title='bbox 853 1789 924 1866; x_wconf 82' lang='lat' dir='ltr'>pha·</span> 
     </span>
    </p>

    <p class='ocr_par' dir='ltr' id='par_1_6' title="bbox 195 1785 721 2044">
     <span class='ocr_line' id='line_1_18' title="bbox 195 1785 721 2044; baseline 0.004 -110"><span class='ocrx_word' id='word_1_90' title='bbox 195 1785 246 2044; x_wconf 75' lang='grc' dir='ltr'>Ι</span> <span class='ocrx_word' id='word_1_91' title='bbox 274 1877 365 1959; x_wconf 79' lang='lat' dir='ltr'>langae</span> <span class='ocrx_word' id='word_1_92' title='bbox 379 1877 489 1956; x_wconf 82' lang='lat' dir='ltr'>primae,</span> <span class='ocrx_word' id='word_1_93' title='bbox 511 1879 538 1936; x_wconf 83' lang='lat' dir='ltr'>iv</span> <span class='ocrx_word' id='word_1_94' title='bbox 551 1879 721 1959; x_wconf 83' lang='lat' dir='ltr'>digitorum.</span> 
     </span>
    </p>

    <p class='ocr_par' dir='ltr' id='par_1_7' title="bbox 235 1961 926 2048">
     <span class='ocr_line' id='line_1_19' title="bbox 235 1961 926 2048; baseline -0.01 -19"><span class='ocrx_word' id='word_1_95' title='bbox 235 1969 499 2048; x_wconf 71' lang='lat' dir='ltr'>Secundaefirblimis</span> <span class='ocrx_word' id='word_1_96' title='bbox 514 1967 559 2026; x_wconf 83' lang='lat' dir='ltr'>seu</span> <span class='ocrx_word' id='word_1_97' title='bbox 585 1971 775 2044; x_wconf 81' lang='lat' dir='ltr'>Persoratus:</span> <span class='ocrx_word' id='word_1_98' title='bbox 795 1961 926 2042; x_wconf 79' lang='lat' dir='ltr'>provenit</span> 
     </span>
    </p>

    <p class='ocr_par' dir='ltr' id='par_1_8' title="bbox 196 2047 924 2244">
     <span class='ocr_line' id='line_1_20' title="bbox 274 2053 924 2134; baseline -0.006 -18"><span class='ocrx_word' id='word_1_99' title='bbox 274 2078 290 2116; x_wconf 85' lang='lat' dir='ltr'>a</span> <span class='ocrx_word' id='word_1_100' title='bbox 305 2057 430 2134; x_wconf 87' lang='lat' dir='ltr'>condylo</span> <span class='ocrx_word' id='word_1_101' title='bbox 444 2056 576 2116; x_wconf 87' lang='lat' dir='ltr'>humeri</span> <span class='ocrx_word' id='word_1_102' title='bbox 568 2071 682 2114; x_wconf 82' lang='lat' dir='ltr'>interno</span> <span class='ocrx_word' id='word_1_103' title='bbox 692 2069 721 2113; x_wconf 86' lang='lat' dir='ltr'>et</span> <span class='ocrx_word' id='word_1_104' title='bbox 731 2053 830 2121; x_wconf 88' lang='lat' dir='ltr'>radio,</span> <span class='ocrx_word' id='word_1_105' title='bbox 852 2053 924 2112; x_wconf 89' lang='lat' dir='ltr'>divi·</span> 
     </span>
     <span class='ocr_line' id='line_1_21' title="bbox 196 2047 923 2244; baseline -0.001 -39"><span class='ocrx_word' id='word_1_106' title='bbox 196 2047 206 2244; x_wconf 71' lang='grc' dir='ltr'>Ι</span> <span class='ocrx_word' id='word_1_107' title='bbox 270 2145 385 2205; x_wconf 91' lang='lat' dir='ltr'>ditur</span> <span class='ocrx_word' id='word_1_108' title='bbox 376 2167 406 2204; x_wconf 90' lang='grc' dir='ltr'>ιιι</span> <span class='ocrx_word' id='word_1_109' title='bbox 433 2146 462 2206; x_wconf 86' lang='lat' dir='ltr'>iv</span> <span class='ocrx_word' id='word_1_110' title='bbox 497 2147 639 2220; x_wconf 86' lang='lat' dir='ltr'>tendines,</span> <span class='ocrx_word' id='word_1_111' title='bbox 679 2143 730 2206; x_wconf 87' lang='lat' dir='ltr'>sub</span> <span class='ocrx_word' id='word_1_112' title='bbox 766 2143 923 2226; x_wconf 81' lang='lat' dir='ltr'>ligamento</span> 
     </span>
    </p>

    <p class='ocr_par' dir='ltr' id='par_1_9' title="bbox 274 2233 923 2313">
     <span class='ocr_line' id='line_1_22' title="bbox 274 2233 923 2313; baseline -0.006 -17"><span class='ocrx_word' id='word_1_113' title='bbox 274 2234 430 2296; x_wconf 83' lang='lat' dir='ltr'>transverso</span> <span class='ocrx_word' id='word_1_114' title='bbox 459 2237 647 2306; x_wconf 80' lang='lat' dir='ltr'>transeuntes,</span> <span class='ocrx_word' id='word_1_115' title='bbox 683 2234 733 2313; x_wconf 91' lang='lat' dir='ltr'>qui</span> <span class='ocrx_word' id='word_1_116' title='bbox 761 2233 923 2293; x_wconf 84' lang='lat' dir='ltr'>inseruntur</span> 
     </span>
    </p>

    <p class='ocr_par' dir='ltr' id='par_1_10' title="bbox 273 2327 891 2411">
     <span class='ocr_line' id='line_1_23' title="bbox 273 2327 891 2411; baseline -0.003 -25"><span class='ocrx_word' id='word_1_117' title='bbox 273 2330 426 2410; x_wconf 85' lang='lat' dir='ltr'>phalangae</span> <span class='ocrx_word' id='word_1_118' title='bbox 441 2329 568 2388; x_wconf 84' lang='lat' dir='ltr'>secundae</span> <span class='ocrx_word' id='word_1_119' title='bbox 583 2345 707 2407; x_wconf 86' lang='lat' dir='ltr'>quatuor</span> <span class='ocrx_word' id='word_1_120' title='bbox 721 2327 891 2411; x_wconf 86' lang='lat' dir='ltr'>digitorum.</span> 
     </span>
    </p>

    <p class='ocr_par' dir='ltr' id='par_1_11' title="bbox 236 2419 922 2496">
     <span class='ocr_line' id='line_1_24' title="bbox 236 2419 922 2496; baseline -0.004 -17"><span class='ocrx_word' id='word_1_121' title='bbox 236 2423 349 2487; x_wconf 72' lang='lat' dir='ltr'>Tereia,</span> <span class='ocrx_word' id='word_1_122' title='bbox 376 2423 539 2495; x_wconf 84' lang='lat' dir='ltr'>Profundus</span> <span class='ocrx_word' id='word_1_123' title='bbox 564 2421 616 2478; x_wconf 85' lang='lat' dir='ltr'>five</span> <span class='ocrx_word' id='word_1_124' title='bbox 645 2421 818 2496; x_wconf 71' lang='lat' dir='ltr'>Persprans:</span> <span class='ocrx_word' id='word_1_125' title='bbox 842 2419 922 2496; x_wconf 81' lang='lat' dir='ltr'>cujus</span> 
     </span>
    </p>

    <p class='ocr_par' dir='ltr' id='par_1_12' title="bbox 274 2507 923 2763">
     <span class='ocr_line' id='line_1_25' title="bbox 275 2507 921 2589; baseline -0.003 -21"><span class='ocrx_word' id='word_1_126' title='bbox 275 2507 359 2589; x_wconf 87' lang='lat' dir='ltr'>origo</span> <span class='ocrx_word' id='word_1_127' title='bbox 382 2529 446 2585; x_wconf 80' lang='lat' dir='ltr'>pars</span> <span class='ocrx_word' id='word_1_128' title='bbox 462 2511 597 2589; x_wconf 85' lang='lat' dir='ltr'>superior,</span> <span class='ocrx_word' id='word_1_129' title='bbox 619 2523 648 2568; x_wconf 88' lang='lat' dir='ltr'>et</span> <span class='ocrx_word' id='word_1_130' title='bbox 670 2509 762 2568; x_wconf 81' lang='lat' dir='ltr'>media</span> <span class='ocrx_word' id='word_1_131' title='bbox 785 2508 899 2577; x_wconf 89' lang='lat' dir='ltr'>ulnae,</span> <span class='ocrx_word' id='word_1_132' title='bbox 891 2530 921 2566; x_wconf 92' lang='grc' dir='ltr'>ιιι</span> 
     </span>
     <span class='ocr_line' id='line_1_26' title="bbox 275 2594 923 2680; baseline 0 -28"><span class='ocrx_word' id='word_1_133' title='bbox 275 2609 399 2673; x_wconf 82' lang='lat' dir='ltr'>quatuor</span> <span class='ocrx_word' id='word_1_134' title='bbox 426 2617 539 2674; x_wconf 88' lang='lat' dir='ltr'>quoque</span> <span class='ocrx_word' id='word_1_135' title='bbox 561 2597 691 2680; x_wconf 79' lang='lat' dir='ltr'>tendines</span> <span class='ocrx_word' id='word_1_136' title='bbox 712 2594 825 2663; x_wconf 82' lang='lat' dir='ltr'>divisus,</span> <span class='ocrx_word' id='word_1_137' title='bbox 856 2615 923 2673; x_wconf 87' lang='lat' dir='ltr'>per-</span> 
     </span>
     <span class='ocr_line' id='line_1_27' title="bbox 274 2683 921 2763; baseline 0 -22"><span class='ocrx_word' id='word_1_138' title='bbox 274 2684 351 2741; x_wconf 78' lang='lat' dir='ltr'>forat</span> <span class='ocrx_word' id='word_1_139' title='bbox 367 2685 493 2744; x_wconf 78' lang='lat' dir='ltr'>tendineu</span> <span class='ocrx_word' id='word_1_140' title='bbox 507 2684 703 2763; x_wconf 73' lang='lat' dir='ltr'>praecedentis,</span> <span class='ocrx_word' id='word_1_141' title='bbox 725 2698 752 2743; x_wconf 85' lang='lat' dir='ltr'>et</span> <span class='ocrx_word' id='word_1_142' title='bbox 766 2683 867 2761; x_wconf 65' lang='lat' dir='ltr'>dpliuit</span> <span class='ocrx_word' id='word_1_143' title='bbox 890 2683 921 2741; x_wconf 88' lang='lat' dir='ltr'>in</span> 
     </span>
    </p>

    <p class='ocr_par' dir='ltr' id='par_1_13' title="bbox 116 2719 922 2865">
     <span class='ocr_line' id='line_1_28' title="bbox 116 2719 922 2865; baseline -0.006 -24"><span class='ocrx_word' id='word_1_144' title='bbox 116 2719 124 2854; x_wconf 81' lang='lat' dir='ltr'>l</span> <span class='ocrx_word' id='word_1_145' title='bbox 271 2781 384 2842; x_wconf 89' lang='lat' dir='ltr'>initium</span> <span class='ocrx_word' id='word_1_146' title='bbox 398 2782 549 2865; x_wconf 75' lang='lat' dir='ltr'>phalangae</span> <span class='ocrx_word' id='word_1_147' title='bbox 574 2783 677 2854; x_wconf 83' lang='lat' dir='ltr'>tertiae,</span> <span class='ocrx_word' id='word_1_148' title='bbox 699 2787 821 2860; x_wconf 82' lang='lat' dir='ltr'>quatuor</span> <span class='ocrx_word' id='word_1_149' title='bbox 844 2778 922 2860; x_wconf 85' lang='lat' dir='ltr'>digi-</span> 
     </span>
    </p>

    <p class='ocr_par' dir='ltr' id='par_1_14' title="bbox 267 2878 443 2959">
     <span class='ocr_line' id='line_1_29' title="bbox 267 2878 443 2959; baseline -0.017 -20"><span class='ocrx_word' id='word_1_150' title='bbox 267 2895 363 2939; x_wconf 87' lang='lat' dir='ltr'>torum</span> <span class='ocrx_word' id='word_1_151' title='bbox 380 2878 443 2959; x_wconf 86' lang='lat' dir='ltr'><em>(a).</em></span> 
     </span>
    </p>

    <p class='ocr_par' dir='ltr' id='par_1_15' title="bbox 152 2971 925 3332">
     <span class='ocr_line' id='line_1_30' title="bbox 152 2971 925 3056; baseline -0.017 -18"><span class='ocrx_word' id='word_1_152' title='bbox 152 2977 286 3056; x_wconf 75' lang='lat' dir='ltr'>Extenstrr</span> <span class='ocrx_word' id='word_1_153' title='bbox 316 2977 443 3036; x_wconf 87' lang='lat' dir='ltr'>omnium</span> <span class='ocrx_word' id='word_1_154' title='bbox 452 2977 539 3034; x_wconf 89' lang='lat' dir='ltr'>trium</span> <span class='ocrx_word' id='word_1_155' title='bbox 552 2976 762 3052; x_wconf 81' lang='lat' dir='ltr'>phalangarum</span> <span class='ocrx_word' id='word_1_156' title='bbox 786 2971 925 3045; x_wconf 76' lang='lat' dir='ltr'>Extensor</span> 
     </span>
     <span class='ocr_line' id='line_1_31' title="bbox 192 3061 921 3146; baseline -0.015 -16"><span class='ocrx_word' id='word_1_157' title='bbox 192 3075 342 3130; x_wconf 82' lang='lat' dir='ltr'>communis</span> <span class='ocrx_word' id='word_1_158' title='bbox 355 3069 480 3127; x_wconf 83' lang='lat' dir='ltr'>dicitur:</span> <span class='ocrx_word' id='word_1_159' title='bbox 504 3069 582 3142; x_wconf 71' lang='lat' dir='ltr'>cujus</span> <span class='ocrx_word' id='word_1_160' title='bbox 610 3067 694 3146; x_wconf 88' lang='lat' dir='ltr'>origo</span> <span class='ocrx_word' id='word_1_161' title='bbox 717 3065 755 3122; x_wconf 87' lang='lat' dir='ltr'>est</span> <span class='ocrx_word' id='word_1_162' title='bbox 782 3061 921 3137; x_wconf 80' lang='lat' dir='ltr'>condylus</span> 
     </span>
     <span class='ocr_line' id='line_1_32' title="bbox 192 3151 923 3237; baseline -0.012 -16"><span class='ocrx_word' id='word_1_163' title='bbox 192 3176 324 3221; x_wconf 77' lang='lat' dir='ltr'>externus</span> <span class='ocrx_word' id='word_1_164' title='bbox 340 3161 460 3228; x_wconf 88' lang='lat' dir='ltr'>humeri,</span> <span class='ocrx_word' id='word_1_165' title='bbox 481 3177 514 3217; x_wconf 81' lang='lat' dir='ltr'>ac</span> <span class='ocrx_word' id='word_1_166' title='bbox 536 3177 609 3234; x_wconf 74' lang='lat' dir='ltr'>paru,</span> <span class='ocrx_word' id='word_1_167' title='bbox 629 3153 767 3237; x_wconf 80' lang='lat' dir='ltr'>posterior</span> <span class='ocrx_word' id='word_1_168' title='bbox 793 3151 865 3210; x_wconf 85' lang='lat' dir='ltr'>radii</span> <span class='ocrx_word' id='word_1_169' title='bbox 893 3167 923 3212; x_wconf 80' lang='lat' dir='ltr'>et</span> 
     </span>
     <span class='ocr_line' id='line_1_33' title="bbox 192 3245 921 3332; baseline -0.019 -14"><span class='ocrx_word' id='word_1_170' title='bbox 192 3258 286 3332; x_wconf 80' lang='lat' dir='ltr'>uliiae3</span> <span class='ocrx_word' id='word_1_171' title='bbox 306 3255 443 3318; x_wconf 89' lang='lat' dir='ltr'>dividitur</span> <span class='ocrx_word' id='word_1_172' title='bbox 466 3252 567 3312; x_wconf 81' lang='lat' dir='ltr'>deinde</span> <span class='ocrx_word' id='word_1_173' title='bbox 581 3251 611 3313; x_wconf 82' lang='lat' dir='ltr'>iu</span> <span class='ocrx_word' id='word_1_174' title='bbox 634 3263 758 3327; x_wconf 81' lang='lat' dir='ltr'>quatuor</span> <span class='ocrx_word' id='word_1_175' title='bbox 780 3245 921 3314; x_wconf 67' lang='lat' dir='ltr'>teudinus,</span> 
     </span>
    </p>
   </div>
   <div class='ocr_carea' id='block_1_6' title="bbox 458 3345 923 3423">
    <p class='ocr_par' dir='ltr' id='par_1_16' title="bbox 458 3345 923 3423">
     <span class='ocr_line' id='line_1_34' title="bbox 458 3345 923 3423; baseline -0.002 -14"><span class='ocrx_word' id='word_1_176' title='bbox 458 3349 528 3409; x_wconf 65' lang='grc' dir='ltr'>ιιι</span> <span class='ocrx_word' id='word_1_177' title='bbox 764 3379 768 3382; x_wconf 95' lang='grc'>-</span> <span class='ocrx_word' id='word_1_178' title='bbox 850 3345 923 3423; x_wconf 42' lang='grc' dir='ltr'>,ιιι</span> 
     </span>
    </p>
   </div>
   <div class='ocr_carea' id='block_1_7' title="bbox 103 3463 1009 3536">
    <p class='ocr_par' dir='ltr' id='par_1_17' title="bbox 103 3463 1009 3536">
     <span class='ocr_line' id='line_1_35' title="bbox 103 3463 1009 3536; baseline 0.003 -23"><span class='ocrx_word' id='word_1_179' title='bbox 103 3463 142 3534; x_wconf 83' lang='lat' dir='ltr'>(a)</span> <span class='ocrx_word' id='word_1_180' title='bbox 161 3469 193 3517; x_wconf 80' lang='lat' dir='ltr'>Hi</span> <span class='ocrx_word' id='word_1_181' title='bbox 205 3471 253 3519; x_wconf 86' lang='lat' dir='ltr'>duo</span> <span class='ocrx_word' id='word_1_182' title='bbox 266 3471 364 3520; x_wconf 84' lang='lat' dir='ltr'>musculi</span> <span class='ocrx_word' id='word_1_183' title='bbox 376 3471 418 3520; x_wconf 89' lang='lat' dir='ltr'>sub</span> <span class='ocrx_word' id='word_1_184' title='bbox 430 3469 560 3536; x_wconf 83' lang='lat' dir='ltr'>ligamento</span> <span class='ocrx_word' id='word_1_185' title='bbox 573 3465 705 3517; x_wconf 82' lang='lat' dir='ltr'>transverso</span> <span class='ocrx_word' id='word_1_186' title='bbox 716 3465 779 3526; x_wconf 80' lang='lat' dir='ltr'>carpi</span> <span class='ocrx_word' id='word_1_187' title='bbox 792 3465 924 3527; x_wconf 81' lang='lat' dir='ltr'>transcunt,</span> <span class='ocrx_word' id='word_1_188' title='bbox 1005 3505 1009 3516; x_wconf 85' lang='grc'><em>,</em></span> 
     </span>
    </p>
   </div>
   <div class='ocr_carea' id='block_1_8' title="bbox 60 3543 927 3693">
    <p class='ocr_par' dir='ltr' id='par_1_18' title="bbox 60 3543 927 3693">
     <span class='ocr_line' id='line_1_36' title="bbox 66 3543 927 3613; baseline 0.003 -26"><span class='ocrx_word' id='word_1_189' title='bbox 66 3555 202 3606; x_wconf 82' lang='lat' dir='ltr'>eorumque</span> <span class='ocrx_word' id='word_1_190' title='bbox 216 3547 333 3608; x_wconf 62' lang='lat' dir='ltr'>andium,</span> <span class='ocrx_word' id='word_1_191' title='bbox 350 3550 435 3613; x_wconf 82' lang='lat' dir='ltr'>vagina</span> <span class='ocrx_word' id='word_1_192' title='bbox 453 3548 510 3599; x_wconf 81' lang='lat' dir='ltr'>torti</span> <span class='ocrx_word' id='word_1_193' title='bbox 527 3549 703 3596; x_wconf 78' lang='lat' dir='ltr'>membranacea</span> <span class='ocrx_word' id='word_1_194' title='bbox 722 3543 812 3602; x_wconf 73' lang='lat' dir='ltr'>inclusi,</span> <span class='ocrx_word' id='word_1_195' title='bbox 828 3543 927 3591; x_wconf 78' lang='lat' dir='ltr'>firmiter</span> 
     </span>
     <span class='ocr_line' id='line_1_37' title="bbox 60 3625 868 3693; baseline -0.006 -17"><span class='ocrx_word' id='word_1_196' title='bbox 60 3625 205 3689; x_wconf 77' lang='lat' dir='ltr'>junguntur</span> <span class='ocrx_word' id='word_1_197' title='bbox 218 3626 302 3676; x_wconf 73' lang='lat' dir='ltr'>ollibus</span> <span class='ocrx_word' id='word_1_198' title='bbox 314 3628 455 3693; x_wconf 72' lang='lat' dir='ltr'>digitorum,</span> <span class='ocrx_word' id='word_1_199' title='bbox 472 3645 502 3680; x_wconf 85' lang='lat' dir='ltr'>ue</span> <span class='ocrx_word' id='word_1_200' title='bbox 513 3629 621 3680; x_wconf 78' lang='lat' dir='ltr'>flexionis</span> <span class='ocrx_word' id='word_1_201' title='bbox 635 3640 740 3689; x_wconf 80' lang='lat' dir='ltr'>tempore</span> <span class='ocrx_word' id='word_1_202' title='bbox 751 3626 868 3673; x_wconf 78' lang='lat' dir='ltr'>recedant.</span> 
     </span>
    </p>
   </div>
   <div class='ocr_carea' id='block_1_9' title="bbox 0 0 1192 4238">
    <p class='ocr_par' dir='ltr' id='par_1_19' title="bbox 0 0 1192 4238">
     <span class='ocr_line' id='line_1_38' title="bbox 0 0 1192 4238; baseline 0 0"><span class='ocrx_word' id='word_1_203' title='bbox 0 0 1192 4238; x_wconf 95' lang='lat' dir='ltr'> </span> 
     </span>
    </p>
   </div>
  </div>
 </body>
</html>
