2424 4092
262 189 322 252 ¹94
403 175 700 245 compano.
733 188 998 256 Auaron„
1094 261 1109 278 N

301 335 494 412 cauliumque,
525 344 698 420 composita:
737 368 799 424 qnae
823 351 937 426 quidem
965 353 1118 420 filamenta

263 485 266 494 .
298 422 387 482 solida
399 423 546 504 apparent,
568 446 596 490 et
611 433 687 493 nulla
710 437 740 496 in
763 439 797 498 iis
822 442 926 500 cavitas
943 444 1024 504 facile
1038 468 1114 506 con-

300 519 415 598 spicitur
433 523 496 602 (a),
517 528 608 585 multo
623 530 714 590 minus
728 531 867 610 liquidum
882 535 911 592 in
925 535 963 594 eis
978 535 1112 597 observa·

295 622 356 668 tur.
400 612 512 671 Interea
525 628 619 703 tamen
633 621 782 695 filamenta
803 645 951 685 nervorum
965 629 1111 704 effecum,

294 713 330 758 ‘et
348 699 498 786 liquidum,
520 707 599 781 quod
623 729 771 768 srrurrus
792 713 881 794 vulgo
905 715 947 773 vel
971 717 1112 790 liquidum

300 811 430 850 nerveum
456 807 559 850 vocant
586 796 705 867 Medici,
732 799 761 858 in
783 801 821 858 eis
845 801 997 869 contineri,
1019 821 1110 878 eaque

298 903 451 966 propterea
466 909 521 946 non
536 892 621 953 fibras
636 896 737 957 solidas
752 899 799 959 sed
815 897 891 960 'ruera
916 903 963 977 effe
984 903 1108 978 vascula,

301 979 376 1038 inter
390 980 459 1039 alias
474 981 655 1060 sequentibus
670 987 868 1068 persuademur
882 995 1059 1052 rationibus:

262 1101 291 1143 1·
313 1081 392 1164 Qia
407 1103 422 1140 e
435 1085 551 1146 cerebro
574 1101 603 1148 et
623 1090 723 1170 spinali
738 1093 871 1163 medulla,
893 1094 935 1152 uti
951 1097 1046 1155 danus
1059 1120 1107 1158 ex·

236 1231 242 1253 ⁸
301 1181 415 1238 cretorii
428 1173 524 1242 alii'ex
538 1185 600 1244 aliia
610 1188 763 1249 uisceribus
785 1203 813 1248 et
834 1188 987 1271 glanduliS,
1009 1192 1046 1248 ad
1057 1213 1109 1250 ex.

298 1281 392 1328 trema
403 1270 509 1332 scilicet
529 1277 725 1339 arteriolarum
746 1279 888 1342 corticalic
913 1282 1020 1341 cerebri
1041 1283 1108 1358 sub-

300 1354 421 1436 stantia,
440 1368 580 1428 oriuntur.
939 1411 943 1422 ι

258 1471 293 1514 ³2.
315 1455 394 1536 Qria
408 1455 508 1536 ingene
524 1459 607 1537 copia
621 1456 765 1539 sanguinis
781 1457 958 1529 subtilissimi,
980 1483 1042 1538 quae
1056 1485 1108 1542 per

302 1556 425 1616 quatuor
439 1543 559 1622 infignes
575 1546 691 1603 arterias
707 1547 741 1604 ad
750 1547 1043 1605 cerebrumcontinuo
1058 1551 1107 1607 de·

301 1635 402 1705 fertur,
424 1637 637 1714 comparatione
650 1635 725 1694 salla
739 1655 803 1693 cum
818 1635 932 1716 hepate,
956 1635 1108 1716 abexigua

302 1729 406 1790 arteria
420 1731 539 1804 nutrito,
560 1752 613 1810 pro
628 1730 686 1790 sola
700 1726 807 1789 cerebri
824 1726 978 1788 nutritione
994 1749 1049 1788 non
1059 1749 1108 1788 re·
1144 1783 1150 1790 .
1187 1779 1188 1790 ,

302 1816 452 1902 quiretur3
478 1824 527 1883 nisr
542 1829 672 1905 secretio,
693 1839 722 1884 et
745 1823 860 1903 quidem
883 1821 1108 1908 larga,exl10c

302 1917 438 2000 sanguine
450 1916 503 1990 hic,
512 1915 601 1975 fieret.

221 2015 229 2026 '
257 2032 291 2092 ¹3.
312 2011 391 2095 Qia
413 2011 508 2090 primo
531 2025 597 2078 ortu
620 2009 649 2068 in
673 2025 766 2079 utero,
787 2010 824 2068 ad
846 2009 998 2088 perfestam
1024 2008 1109 2088 usque

241 2107 248 2123 '
293 2102 429 2181 -corporie
456 2102 693 2185 magnitudinem,
713 2101 850 2169 crescunt,
881 2099 1051 2180 elongantur
1079 2117 1109 2160 et

295 2203 339 2260 ad
351 2215 507 2260 extremum
521 2200 607 2277 usque
621 2199 686 2258 vitae
697 2199 878 2260 nutriuntur:
902 2201 981 2276 quod
994 2199 1038 2257 vix
1047 2221 1107 2258 reo·
1187 2195 1188 2202 ¹

257 2321 262 2328 ·
294 2308 330 2353 te
345 2293 480 2370 explicari
501 2293 575 2371 polle
599 2305 682 2370 puto,¹
702 2293 750 2349 nili
772 2292 913 2370 liquidum
927 2292 1108 2350 autlluidum
1174 2275 1182 2292 ⁸

296 2383 506 2444 ¹'subtilislrmum
529 2385 559 2443 in
576 2384 672 2444 neruis
696 2385 873 2462 admittatur,
889 2390 975 2466 quod
998 2411 1044 2449 eos
1059 2411 1108 2448 err·

294 2468 410 2524 tendat.
532 2479 533 2482 ’

256 2577 292 2634 q.
314 2557 393 2642 Quia
415 2577 496 2614 nervo
522 2558 628 2636 refello,
650 2558 796 2628 -Sansus,
819 2555 959 2628 Morus,
994 2558 1051 2616 imo
1077 2575 1109 2620 et

300 2649 477 2708 Nurrmo
494 2647 569 2705 illius
588 2647 689 2726 partis,
710 2651 756 2706 cui
778 2649 960 2716 inserebatur,
980 2651 1105 2710 cessant:

289 2751 377 2798 certo
391 2738 507 2809 indici0‚
527 2737 667 2796 lnlluxum
683 2727 799 2816 rilicujns
815 2737 928 2814 liquidi,
944 2741 1022 2814 quod
1037 2740 1108 2805 aliae

297 2833 333 2890 ad
347 2833 407 2890 haec
420 2831 574 2910 prestanda
589 2829 731 2900 affluebat,
752 2830 893 2889 sublatum
908 2830 969 2890 esse.

251 2939 288 3003 55.
312 2920 423 3000 Ligatis
437 2923 542 2989 nervis,
564 2918 639 2976 idem
652 2918 807 2998 contingit,
829 2931 857 2976 et
872 2917 1018 2995 speciatim
1032 2920 1104 3002 liga·

291 3017 374 3092 gatis
390 3012 537 3088 ¹phrem'cir
560 3009 611 3070 sure
634 3011 896 3089 diaphragmaticic,
922 3023 1021 3069 motua
1044 3011 1103 3068 dia·

290 3105 476 3186 ¹phragmatia
499 3105 592 3164 cessat.
634 3103 732 3164 Prellis
756 3127 821 3164 vero
842 3104 942 3163 deinde
955 3103 999 3160 his
1014 3099 1101 3158 nervia
1187 3093 1188 3104 ¹

296 3195 371 3252 infra
385 3194 539 3276 ligaturam
558 3195 650 3254 uersus
671 3195 870 3276 diaphragma,
892 3205 983 3248 motus
999 3186 1102 3266 aliquia
1187 3205 1188 3222 ³

206 3327 208 3332 ·
295 3283 326 3342 in
348 3283 568 3364 diaphragmate
594 3283 685 3343 redit:
713 3285 793 3359 quod
819 3277 961 3361 perspicue
985 3273 1105 3344 indicat,
1187 3301 1188 3358 j

994 3385 1106 3431 motum

287 3521 325 3590 )a)
344 3518 497 3570 Leeweaboecl
508 3519 623 3570 tamense
636 3533 673 3568 eat
684 3518 767 3585 sapius
784 3516 914 3569 observasse
925 3516 1110 3585 affirmatapist.

241 3603 321 3670 gphyl.
332 3599 411 3650 xxxii.
