2424 4092
248 213 309 308 530
364 225 666 294 couruuu.
707 233 979 313 Aue‘rou.

279 403 332 452 -tra
345 405 374 452 et
388 385 494 454 linistra
513 395 601 479 vulgo
623 397 711 458 dieta.
754 385 879 476 Dextra,
901 403 988 492 louge
1008 409 1099 495 major

286 483 411 570 linistra:
434 485 503 556 haec,
518 486 547 576 iu
562 487 728 564 posteriori,
751 490 852 562 illa,in
866 501 1000 562 anteriori
1013 521 1099 583 parte

285 585 337 644 fita
351 583 399 644 est.
443 583 515 643 Sunt
531 583 698 648 diverticula
723 589 878 672 sanguinis,
898 598 966 658 eluin
989 621 1039 662 cor
1052 605 1092 666 est

247 703 250 708 ¹
285 681 315 740 in
340 678 438 756 ystole:
462 691 490 737 et
512 679 693 739 substantiam
715 682 822 744 habent
843 690 1039 766 muscularum,
1060 719 1094 757 ex

283 764 424 828 columnis
452 767 529 842 quati
553 765 706 838 lacertofir,
728 790 793 828 cum
817 771 973 854 interjeelie
1001 783 1098 855 sulcis,

281 877 337 935 pro
357 853 555 916 coustrifflone
579 868 608 914 et
631 855 792 937 expulbne
815 859 960 942 sauguiuia
980 869 1011 928 iu
1032 891 1097 944 cor,

254 983 259 992 ν
283 954 400 1030 quando
421 955 477 1014 hoc
500 954 539 1012 est
562 954 590 1012 in
614 957 747 1034 diastole:
768 961 838 1020 hine
858 964 960 1026 horum
983 987 1095 1044 motus,

281 1071 349 1132 cum·
362 1051 455 1109 cordis
469 1065 561 1123 motu,
582 1053 711 1114 achronos
725 1056 774 1114 est.

243 1143 389 1206 cavitates
404 1145 477 1215 duae,
500 1144 659 1206 Ventriculi
680 1146 775 1218 dieta,
795 1167 934 1227 perquam
954 1151 1094 1236 in'liguea,
1117 1219 1120 1228 ,

282 1267 404 1330 quorum

276 1355 280 1361 '
322 1328 443 1416 Dexter,
467 1341 580 1404 tenuior
600 1357 630 1402 et
649 1341 782 1415 debilior,
806 1343 854 1403 sed
880 1359 913 1404 ut
934 1345 1091 1424 plurimum

358 1437 491 1516 capacior
504 1437 625 1505 finistro,
644 1436 809 1520 sauguinem
829 1459 863 1498 ex
883 1461 954 1498 vena
976 1453 1089 1501 caract

247 1601 249 1608 Ι
352 1535 485 1608 γεωτίειὼ
498 1537 599 1596 dextra
612 1536 725 1614 recipit,
734 1551 821 1615 atquc
831 1537 859 1594 in
875 1537 1007 1597 'arteriam
1019 1539 1084 1618 pul-

358 1630 499 1690 moralem
514 1651 547 1688 ac
561 1629 710 1709 pulmones
724 1621 849 1710 expellit.

318 1725 444 1802 Sinister,
465 1722 554 1806 longe
567 1721 709 1783 robustior
723 1738 752 1781 et
765 1721 888 1794 crallior,
908 1736 939 1782 at
956 1723 1084 1805 angusti-

259 1865 265 1876 .
356 1835 401 1884 or,
421 1815 542 1885 dextro,
555 1811 721 1894 sanguinem
739 1832 773 1870 ex
794 1833 863 1872 vena
883 1810 1042 1891 pulmonali
1057 1827 1087 1873 et

334 1911 483 1974 fauricula
495 1909 602 1972 finistra
616 1923 795 1978 attenuatum
815 1909 933 1989 accipit,
955 1923 1042 1988 atque
1056 1910 1087 1970 in
1155 1917 1161 1929 ¹

353 2023 464 2067 aortam
479 2029 584 2090 magna
597 2007 625 2065 vi
638 2005 775 2066 extrudit.
824 2007 879 2064 Ille
899 2007 929 2066 in
950 2005 1089 2066 anteriori?

354 2098 480 2158 thoracis
503 2114 598 2178 parte,
631 2098 679 2157 hic
704 2097 733 2156 in
756 2097 905 2176 posteriori
928 2100 994 2160 fitur
1023 2101 1086 2175 est5

352 2211 440 2268 quare
465 2190 514 2250 ille
537 2195 673 2261 anterior,
694 2190 741 2248 hic
758 2189 896 2269 posterior
909 2191 1013 2252 reterns
1027 2194 1087 2256 dici

353 2281 442 2360 pollet
458 2281 472 2360 (
475 2281 521 2362 a).

231 2375 355 2456 Septem,
377 2376 450 2438 inter
464 2377 536 2437 duos
558 2373 740 2445 ventriculos,
762 2375 920 2448 robustum,
942 2397 1000 2437 non
1014 2399 1079 2458 per·

270 2467 407 2528 foratum.
464 2462 478 2497 '²
649 2478 660 2486 ‘

214 2561 409 2622 ‘Tuberculum
418 2583 559 2645 magnum
583 2560 612 2630 ip
637 2557 765 2620 auricula
779 2559 889 2631 dextra,
911 2562 984 2620 inter
1000 2583 1078 2622 venae

268 2673 343 2711 cavae
358 2653 508 2731 superioris
523 2665 551 2710 et
565 2651 707 2709 inferioris
728 2651 893 2710 concursum
913 2649 993 2708 multi
1007 2669 1076 2712 cunr

266 2746 383 2806 Lowero
404 2747 542 2814 statuunt,
569 2746 651 2824 eique
675 2767 794 2827 magnos
815 2745 876 2805 usur
897 2741 1072 2804 adscribunu

264 2842 374 2903 Verum
385 2843 441 2902 hoc
455 2842 570 2922 quidem
582 2841 612 2900 in
620 2841 729 2912 bestiis,
738 2841 785 2902 sed
795 2863 848 2902 non
863 2838 891 2900 in
901 2838 1016 2898 homine
1027 2837 1075 2899 in·

247 2954 337 2993 reru.

225 3028 372 3093 Lacertzdi
384 3029 578 3091 firecolamnae
591 3047 706 3100 carneae,
730 3049 794 3094 cum
809 3027 892 3092 sulcis
907 3023 1078 3106 interjeilie,
1170 3033 1175 3042 '

264 3123 293 3180 in
307 3122 454 3200 utriusque
467 3119 617 3185 ventriculi
630 3135 659 3180 et
673 3119 805 3180 auriculae
816 3119 974 3199 parietibus
987 3137 1072 3196 quam
1110 3156 1111 3165 κ

263 3215 390 3293 plurimi,
412 3220 521 3278 totidem
536 3217 739 3296 quefiparouli
750 3214 878 3293 musculi,
902 3238 937 3275 ex
951 3235 1071 3293 quorum

262 3307 458 3366 tendinearum'
472 3307 750 3370 fibrarumconcursu
760 3307 789 3365 in
803 3308 889 3366 corde
903 3307 976 3366 fiunt
986 3325 1072 3386 pecu·

262 3400 346 3457 liares
361 3399 542 3470 membranae,
563 3403 683 3462 valvulae
695 3405 790 3472 dictae,
809 3406 848 3462 ad
870 3403 979 3462 crificia
998 3399 1072 3460 auri·

263 3490 389 3552 cularum
403 3490 495 3550 cordis
509 3495 616 3571 posrtae.
658 3494 806 3580 Ejusmodi
828 3495 915 3556 etiam
926 3492 1077 3578 ¹columna

1040 3603 1078 3644 ex

232 3713 236 3724 '
252 3723 290 3786 (a)
312 3723 503 3786 tt'a'nflcwrtlill,
515 3727 558 3781 Ac.
572 3729 631 3792 Reg.
646 3743 719 3793 ¹7¹5·
730 3745 753 3795 p.
767 3744 824 3791 ³¹2·
851 3766 855 3778 .
