<?xml version="1.0" encoding="UTF-8"?>
<!DOCTYPE html PUBLIC "-//W3C//DTD XHTML 1.0 Transitional//EN"
    "http://www.w3.org/TR/xhtml1/DTD/xhtml1-transitional.dtd">
<html xmlns="http://www.w3.org/1999/xhtml" xml:lang="en" lang="en">
 <head>
  <title>
</title>
<meta http-equiv="Content-Type" content="text/html;charset=utf-8" />
  <meta name='ocr-system' content='tesseract 3.04.00' />
  <meta name='ocr-capabilities' content='ocr_page ocr_carea ocr_par ocr_line ocrx_word'/>
</head>
<body>
  <div class='ocr_page' id='page_1' title='image "./compendiumanato00heisgoog_0174.png"; bbox 0 0 2424 4092; ppageno 0'>
   <div class='ocr_carea' id='block_1_1' title="bbox 315 179 959 268">
    <p class='ocr_par' dir='ltr' id='par_1_1' title="bbox 315 179 959 268">
     <span class='ocr_line' id='line_1_1' title="bbox 315 179 959 268; baseline 0.002 -27"><span class='ocrx_word' id='word_1_1' title='bbox 315 179 363 241; x_wconf 79' lang='lat' dir='ltr'>Dr</span> <span class='ocrx_word' id='word_1_2' title='bbox 383 179 510 243; x_wconf 68' lang='lat' dir='ltr'>emer</span> <span class='ocrx_word' id='word_1_3' title='bbox 535 201 568 242; x_wconf 79' lang='lat' dir='ltr'>rr</span> <span class='ocrx_word' id='word_1_4' title='bbox 592 179 740 245; x_wconf 68' lang='lat' dir='ltr'>Generi.</span> <span class='ocrx_word' id='word_1_5' title='bbox 904 203 959 268; x_wconf 67' lang='lat'>¹43</span> 
     </span>
    </p>
   </div>
   <div class='ocr_carea' id='block_1_2' title="bbox 14 339 965 1426">
    <p class='ocr_par' dir='ltr' id='par_1_2' title="bbox 14 339 965 1426">
     <span class='ocr_line' id='line_1_2' title="bbox 153 339 958 422; baseline 0.015 -24"><span class='ocrx_word' id='word_1_6' title='bbox 153 343 216 412; x_wconf 77' lang='lat' dir='ltr'>riis,</span> <span class='ocrx_word' id='word_1_7' title='bbox 239 345 317 400; x_wconf 81' lang='lat' dir='ltr'>venis</span> <span class='ocrx_word' id='word_1_8' title='bbox 326 354 357 408; x_wconf 71' lang='lat' dir='ltr'>rt</span> <span class='ocrx_word' id='word_1_9' title='bbox 370 343 462 402; x_wconf 80' lang='lat' dir='ltr'>nervis</span> <span class='ocrx_word' id='word_1_10' title='bbox 476 339 547 401; x_wconf 83' lang='lat' dir='ltr'>infra</span> <span class='ocrx_word' id='word_1_11' title='bbox 561 341 705 422; x_wconf 81' lang='lat' dir='ltr'>speciatim</span> <span class='ocrx_word' id='word_1_12' title='bbox 726 341 833 403; x_wconf 70' lang='lat' dir='ltr'>dicturi</span> <span class='ocrx_word' id='word_1_13' title='bbox 845 344 958 410; x_wconf 77' lang='lat' dir='ltr'>sumus:</span> 
     </span>
     <span class='ocr_line' id='line_1_3' title="bbox 153 419 958 518; baseline 0.011 -29"><span class='ocrx_word' id='word_1_14' title='bbox 153 435 294 489; x_wconf 75' lang='lat' dir='ltr'>nonenim</span> <span class='ocrx_word' id='word_1_15' title='bbox 309 419 470 512; x_wconf 64' lang='lat' dir='ltr'>&#39;negligenda</span> <span class='ocrx_word' id='word_1_16' title='bbox 483 433 529 492; x_wconf 81' lang='lat' dir='ltr'>vel</span> <span class='ocrx_word' id='word_1_17' title='bbox 549 435 748 510; x_wconf 78' lang='lat' dir='ltr'>omittendaefl</span> <span class='ocrx_word' id='word_1_18' title='bbox 770 437 958 518; x_wconf 12' lang='lat' dir='ltr'>collipcorrsrde·</span> 
     </span>
     <span class='ocr_line' id='line_1_4' title="bbox 155 522 961 610; baseline 0.005 -22"><span class='ocrx_word' id='word_1_19' title='bbox 155 535 240 598; x_wconf 79' lang='lat' dir='ltr'>ratio,</span> <span class='ocrx_word' id='word_1_20' title='bbox 275 542 308 588; x_wconf 89' lang='lat' dir='ltr'>ut</span> <span class='ocrx_word' id='word_1_21' title='bbox 342 528 423 586; x_wconf 84' lang='lat' dir='ltr'>multi</span> <span class='ocrx_word' id='word_1_22' title='bbox 458 531 609 588; x_wconf 82' lang='lat' dir='ltr'>anatomici</span> <span class='ocrx_word' id='word_1_23' title='bbox 636 522 856 590; x_wconf 70' lang='lat' dir='ltr'>consuererunt:</span> <span class='ocrx_word' id='word_1_24' title='bbox 893 534 961 610; x_wconf 79' lang='lat' dir='ltr'>quia</span> 
     </span>
     <span class='ocr_line' id='line_1_5' title="bbox 153 620 962 701; baseline 0.006 -22"><span class='ocrx_word' id='word_1_25' title='bbox 153 638 249 701; x_wconf 81' lang='lat' dir='ltr'>partes</span> <span class='ocrx_word' id='word_1_26' title='bbox 263 620 390 678; x_wconf 84' lang='lat' dir='ltr'>continet</span> <span class='ocrx_word' id='word_1_27' title='bbox 405 621 481 679; x_wconf 86' lang='lat' dir='ltr'>haud</span> <span class='ocrx_word' id='word_1_28' title='bbox 503 622 619 678; x_wconf 82' lang='lat' dir='ltr'>minoris</span> <span class='ocrx_word' id='word_1_29' title='bbox 645 625 682 680; x_wconf 82' lang='lat' dir='ltr'>ad</span> <span class='ocrx_word' id='word_1_30' title='bbox 704 623 791 682; x_wconf 85' lang='lat' dir='ltr'>vitam</span> <span class='ocrx_word' id='word_1_31' title='bbox 814 627 962 697; x_wconf 84' lang='lat' dir='ltr'>momenti,</span> 
     </span>
     <span class='ocr_line' id='line_1_6' title="bbox 15 706 962 798; baseline 0.011 -35"><span class='ocrx_word' id='word_1_32' title='bbox 15 723 16 746; x_wconf 71' lang='lat'>³</span> <span class='ocrx_word' id='word_1_33' title='bbox 65 757 68 763; x_wconf 93' lang='lat'>.</span> <span class='ocrx_word' id='word_1_34' title='bbox 155 707 373 784; x_wconf 78' lang='lat' dir='ltr'>icituq&#39;uehaud</span> <span class='ocrx_word' id='word_1_35' title='bbox 385 706 477 766; x_wconf 78' lang='lat' dir='ltr'>minus</span> <span class='ocrx_word' id='word_1_36' title='bbox 500 707 671 779; x_wconf 79' lang='lat' dir='ltr'>neceffarias,</span> <span class='ocrx_word' id='word_1_37' title='bbox 692 730 779 788; x_wconf 84' lang='lat' dir='ltr'>quam</span> <span class='ocrx_word' id='word_1_38' title='bbox 801 713 962 798; x_wconf 82' lang='lat' dir='ltr'>abdomen;</span> 
     </span>
     <span class='ocr_line' id='line_1_7' title="bbox 156 799 965 888; baseline 0.015 -31"><span class='ocrx_word' id='word_1_39' title='bbox 156 821 217 877; x_wconf 83' lang='lat' dir='ltr'>quae</span> <span class='ocrx_word' id='word_1_40' title='bbox 230 814 381 878; x_wconf 83' lang='lat' dir='ltr'>propterea</span> <span class='ocrx_word' id='word_1_41' title='bbox 403 799 558 860; x_wconf 71' lang='lat' dir='ltr'>indicandae</span> <span class='ocrx_word' id='word_1_42' title='bbox 582 819 599 861; x_wconf 78' lang='lat' dir='ltr'>a</span> <span class='ocrx_word' id='word_1_43' title='bbox 621 805 800 878; x_wconf 85' lang='lat' dir='ltr'>docentibus,</span> <span class='ocrx_word' id='word_1_44' title='bbox 821 823 850 867; x_wconf 88' lang='lat' dir='ltr'>et</span> <span class='ocrx_word' id='word_1_45' title='bbox 873 811 965 888; x_wconf 84' lang='lat' dir='ltr'>probe</span> 
     </span>
     <span class='ocr_line' id='line_1_8' title="bbox 158 891 963 980; baseline 0.016 -31"><span class='ocrx_word' id='word_1_46' title='bbox 158 893 299 950; x_wconf 85' lang='lat' dir='ltr'>noscendae</span> <span class='ocrx_word' id='word_1_47' title='bbox 315 891 528 954; x_wconf 81' lang='lat' dir='ltr'>adiscentibus.</span> <span class='ocrx_word' id='word_1_48' title='bbox 556 893 652 964; x_wconf 52' lang='lat' dir='ltr'>(Hinc</span> <span class='ocrx_word' id='word_1_49' title='bbox 667 895 753 955; x_wconf 84' lang='lat' dir='ltr'>etiam</span> <span class='ocrx_word' id='word_1_50' title='bbox 772 899 808 956; x_wconf 87' lang='lat' dir='ltr'>ab</span> <span class='ocrx_word' id='word_1_51' title='bbox 826 901 963 980; x_wconf 81' lang='lat' dir='ltr'>Aristote-</span> 
     </span>
     <span class='ocr_line' id='line_1_9' title="bbox 155 983 965 1070; baseline 0.019 -32"><span class='ocrx_word' id='word_1_52' title='bbox 155 990 191 1054; x_wconf 75' lang='lat' dir='ltr'>le,</span> <span class='ocrx_word' id='word_1_53' title='bbox 228 984 321 1058; x_wconf 83' lang='lat' dir='ltr'><em>Ruffo,</em></span> <span class='ocrx_word' id='word_1_54' title='bbox 355 983 485 1060; x_wconf 79' lang='lat' dir='ltr'>Oribasto,</span> <span class='ocrx_word' id='word_1_55' title='bbox 521 985 638 1058; x_wconf 79' lang='lat' dir='ltr'>Coitrro,</span> <span class='ocrx_word' id='word_1_56' title='bbox 672 988 797 1060; x_wconf 82' lang='lat' dir='ltr'>Riolano,</span> <span class='ocrx_word' id='word_1_57' title='bbox 826 991 965 1070; x_wconf 80' lang='lat' dir='ltr'>Ruyschio,</span> 
     </span>
     <span class='ocr_line' id='line_1_10' title="bbox 158 1069 963 1154; baseline 0.011 -21"><span class='ocrx_word' id='word_1_58' title='bbox 158 1077 331 1154; x_wconf 82' lang='lat' dir='ltr'>Morgagnio,</span> <span class='ocrx_word' id='word_1_59' title='bbox 360 1069 517 1148; x_wconf 85' lang='lat' dir='ltr'>aliisque,</span> <span class='ocrx_word' id='word_1_60' title='bbox 508 1095 537 1131; x_wconf 79' lang='grc' dir='ltr'>ιη</span> <span class='ocrx_word' id='word_1_61' title='bbox 552 1074 607 1132; x_wconf 86' lang='lat' dir='ltr'>suis</span> <span class='ocrx_word' id='word_1_62' title='bbox 630 1075 758 1152; x_wconf 80' lang='lat' dir='ltr'>corporis</span> <span class='ocrx_word' id='word_1_63' title='bbox 782 1077 963 1142; x_wconf 75' lang='lat' dir='ltr'>divifionibuo</span> 
     </span>
     <span class='ocr_line' id='line_1_11' title="bbox 159 1160 964 1248; baseline 0.011 -28"><span class='ocrx_word' id='word_1_64' title='bbox 159 1184 215 1221; x_wconf 85' lang='lat' dir='ltr'>non</span> <span class='ocrx_word' id='word_1_65' title='bbox 230 1160 384 1228; x_wconf 90' lang='lat' dir='ltr'>omittitur,</span> <span class='ocrx_word' id='word_1_66' title='bbox 406 1174 435 1218; x_wconf 87' lang='lat' dir='ltr'>et</span> <span class='ocrx_word' id='word_1_67' title='bbox 448 1181 465 1216; x_wconf 83' lang='lat' dir='ltr'><strong>a</strong></span> <span class='ocrx_word' id='word_1_68' title='bbox 479 1161 595 1238; x_wconf 85' lang='lat' dir='ltr'>reliquis</span> <span class='ocrx_word' id='word_1_69' title='bbox 617 1163 746 1240; x_wconf 80' lang='lat' dir='ltr'>partibus</span> <span class='ocrx_word' id='word_1_70' title='bbox 760 1165 964 1248; x_wconf 82' lang='lat' dir='ltr'>distinguitur;</span> 
     </span>
     <span class='ocr_line' id='line_1_12' title="bbox 160 1251 965 1339; baseline 0.012 -29"><span class='ocrx_word' id='word_1_71' title='bbox 160 1253 228 1330; x_wconf 85' lang='lat' dir='ltr'>quia</span> <span class='ocrx_word' id='word_1_72' title='bbox 242 1272 332 1328; x_wconf 85' lang='lat' dir='ltr'>neque</span> <span class='ocrx_word' id='word_1_73' title='bbox 346 1251 432 1318; x_wconf 73' lang='lat' dir='ltr'>recte,</span> <span class='ocrx_word' id='word_1_74' title='bbox 455 1270 545 1326; x_wconf 83' lang='lat' dir='ltr'>neque</span> <span class='ocrx_word' id='word_1_75' title='bbox 558 1253 717 1323; x_wconf 89' lang='lat' dir='ltr'>commode,</span> <span class='ocrx_word' id='word_1_76' title='bbox 738 1268 788 1316; x_wconf 86' lang='lat' dir='ltr'>aut</span> <span class='ocrx_word' id='word_1_77' title='bbox 809 1259 845 1316; x_wconf 86' lang='lat' dir='ltr'>ad</span> <span class='ocrx_word' id='word_1_78' title='bbox 867 1276 965 1339; x_wconf 86' lang='lat' dir='ltr'>caput,</span> 
     </span>
     <span class='ocr_line' id='line_1_13' title="bbox 14 1339 641 1426; baseline -0.005 -25"><span class='ocrx_word' id='word_1_79' title='bbox 14 1339 16 1426; x_wconf 63' lang='lat' dir='ltr'>J</span> <span class='ocrx_word' id='word_1_80' title='bbox 160 1357 209 1401; x_wconf 83' lang='lat' dir='ltr'>aut</span> <span class='ocrx_word' id='word_1_81' title='bbox 223 1344 259 1402; x_wconf 85' lang='lat' dir='ltr'>ad</span> <span class='ocrx_word' id='word_1_82' title='bbox 270 1345 416 1402; x_wconf 85' lang='lat' dir='ltr'>thoracem</span> <span class='ocrx_word' id='word_1_83' title='bbox 429 1339 527 1402; x_wconf 84' lang='lat' dir='ltr'>referri</span> <span class='ocrx_word' id='word_1_84' title='bbox 537 1341 641 1419; x_wconf 87' lang='lat' dir='ltr'>potest.</span> 
     </span>
    </p>
   </div>
   <div class='ocr_carea' id='block_1_3' title="bbox 145 1529 941 1626">
    <p class='ocr_par' dir='ltr' id='par_1_3' title="bbox 145 1529 941 1626">
     <span class='ocr_line' id='line_1_14' title="bbox 145 1529 941 1626; baseline 0.015 -32"><span class='ocrx_word' id='word_1_85' title='bbox 145 1533 192 1598; x_wconf 80' lang='lat' dir='ltr'>Do</span> <span class='ocrx_word' id='word_1_86' title='bbox 213 1532 375 1597; x_wconf 70' lang='lat' dir='ltr'><strong>CA1&gt;1TE</strong></span> <span class='ocrx_word' id='word_1_87' title='bbox 397 1529 570 1596; x_wconf 67' lang='lat' dir='ltr'>Trunci</span> <span class='ocrx_word' id='word_1_88' title='bbox 591 1531 768 1626; x_wconf 64' lang='lat' dir='ltr'>QUARTA</span> <span class='ocrx_word' id='word_1_89' title='bbox 789 1534 941 1609; x_wconf 67' lang='lat' dir='ltr'>PARTE.</span> 
     </span>
    </p>
   </div>
   <div class='ocr_carea' id='block_1_4' title="bbox 123 1724 972 1895">
    <p class='ocr_par' dir='ltr' id='par_1_4' title="bbox 123 1724 972 1895">
     <span class='ocr_line' id='line_1_15' title="bbox 123 1724 972 1820; baseline 0.026 -42"><span class='ocrx_word' id='word_1_90' title='bbox 123 1727 191 1796; x_wconf 76' lang='lat'>265·</span> <span class='ocrx_word' id='word_1_91' title='bbox 213 1727 340 1790; x_wconf 66' lang='lat' dir='ltr'>Corur,</span> <span class='ocrx_word' id='word_1_92' title='bbox 361 1737 462 1800; x_wconf 85' lang='lat' dir='ltr'>quarta</span> <span class='ocrx_word' id='word_1_93' title='bbox 476 1724 569 1782; x_wconf 88' lang='lat' dir='ltr'>trunci</span> <span class='ocrx_word' id='word_1_94' title='bbox 592 1746 657 1802; x_wconf 88' lang='lat' dir='ltr'>pars</span> <span class='ocrx_word' id='word_1_95' title='bbox 672 1729 710 1786; x_wconf 87' lang='lat' dir='ltr'>est</span> <span class='ocrx_word' id='word_1_96' title='bbox 724 1751 810 1792; x_wconf 85' lang='lat' dir='ltr'>omno</span> <span class='ocrx_word' id='word_1_97' title='bbox 830 1738 870 1810; x_wconf 91' lang='lat' dir='ltr'>id,</span> <span class='ocrx_word' id='word_1_98' title='bbox 892 1752 972 1820; x_wconf 73' lang='lat' dir='ltr'>quod</span> 
     </span>
     <span class='ocr_line' id='line_1_16' title="bbox 225 1816 969 1895; baseline 0.026 -21"><span class='ocrx_word' id='word_1_99' title='bbox 225 1818 359 1895; x_wconf 83' lang='lat' dir='ltr'>supremae</span> <span class='ocrx_word' id='word_1_100' title='bbox 374 1816 441 1874; x_wconf 90' lang='lat' dir='ltr'>colli</span> <span class='ocrx_word' id='word_1_101' title='bbox 455 1817 589 1873; x_wconf 71' lang='lat' dir='ltr'>vertebrae</span> <span class='ocrx_word' id='word_1_102' title='bbox 604 1817 709 1876; x_wconf 74' lang='lat' dir='ltr'>insistit.</span> <span class='ocrx_word' id='word_1_103' title='bbox 734 1819 768 1878; x_wconf 89' lang='lat' dir='ltr'>In</span> <span class='ocrx_word' id='word_1_104' title='bbox 779 1824 833 1882; x_wconf 88' lang='lat' dir='ltr'>hoc</span> <span class='ocrx_word' id='word_1_105' title='bbox 844 1837 969 1892; x_wconf 86' lang='lat' dir='ltr'>notanda</span> 
     </span>
    </p>
   </div>
   <div class='ocr_carea' id='block_1_5' title="bbox 159 1920 972 2292">
    <p class='ocr_par' dir='ltr' id='par_1_5' title="bbox 159 1920 972 2292">
     <span class='ocr_line' id='line_1_17' title="bbox 170 1920 972 2010; baseline 0.024 -32"><span class='ocrx_word' id='word_1_106' title='bbox 170 1923 182 1982; x_wconf 81' lang='grc' dir='ltr'>ῐ</span> <span class='ocrx_word' id='word_1_107' title='bbox 204 1927 335 2005; x_wconf 81' lang='lat' dir='ltr'>Figura.-</span> <span class='ocrx_word' id='word_1_108' title='bbox 357 1920 493 1980; x_wconf 89' lang='lat' dir='ltr'>rotundo·</span> <span class='ocrx_word' id='word_1_109' title='bbox 483 1921 631 2004; x_wconf 71' lang='lat' dir='ltr'>oblonga,</span> <span class='ocrx_word' id='word_1_110' title='bbox 654 1926 862 1998; x_wconf 80' lang='lat' dir='ltr'>quodammodo</span> <span class='ocrx_word' id='word_1_111' title='bbox 876 1954 972 2010; x_wconf 81' lang='lat' dir='ltr'>orata,</span> 
     </span>
     <span class='ocr_line' id='line_1_18' title="bbox 240 2013 971 2092; baseline 0.014 -16"><span class='ocrx_word' id='word_1_112' title='bbox 240 2015 365 2076; x_wconf 87' lang='lat' dir='ltr'>eminens</span> <span class='ocrx_word' id='word_1_113' title='bbox 379 2013 502 2072; x_wconf 83' lang='lat' dir='ltr'>anterius</span> <span class='ocrx_word' id='word_1_114' title='bbox 528 2026 557 2074; x_wconf 87' lang='lat' dir='ltr'>et</span> <span class='ocrx_word' id='word_1_115' title='bbox 570 2013 717 2092; x_wconf 78' lang='lat' dir='ltr'>posterius,</span> <span class='ocrx_word' id='word_1_116' title='bbox 739 2018 776 2075; x_wconf 83' lang='lat' dir='ltr'>ad</span> <span class='ocrx_word' id='word_1_117' title='bbox 796 2017 884 2080; x_wconf 84' lang='lat' dir='ltr'>latera</span> <span class='ocrx_word' id='word_1_118' title='bbox 905 2047 971 2086; x_wconf 88' lang='lat' dir='ltr'>vero</span> 
     </span>
     <span class='ocr_line' id='line_1_19' title="bbox 159 2105 968 2197; baseline 0.016 -31"><span class='ocrx_word' id='word_1_119' title='bbox 159 2168 164 2190; x_wconf 52' lang='grc'><em>5</em></span> <span class='ocrx_word' id='word_1_120' title='bbox 242 2105 439 2185; x_wconf 81' lang='lat' dir='ltr'>complanata:</span> <span class='ocrx_word' id='word_1_121' title='bbox 478 2105 514 2162; x_wconf 89' lang='lat' dir='ltr'>fic</span> <span class='ocrx_word' id='word_1_122' title='bbox 543 2118 648 2174; x_wconf 88' lang='lat' dir='ltr'>tamen,</span> <span class='ocrx_word' id='word_1_123' title='bbox 683 2122 716 2170; x_wconf 89' lang='lat' dir='ltr'>ut</span> <span class='ocrx_word' id='word_1_124' title='bbox 742 2113 867 2174; x_wconf 87' lang='lat' dir='ltr'>anterior</span> <span class='ocrx_word' id='word_1_125' title='bbox 890 2140 968 2197; x_wconf 76' lang='lat' dir='ltr'>paro,</span> 
     </span>
     <span class='ocr_line' id='line_1_20' title="bbox 242 2189 972 2292; baseline 0.015 -39"><span class='ocrx_word' id='word_1_126' title='bbox 242 2197 396 2276; x_wconf 84' lang='lat' dir='ltr'>praeiertim</span> <span class='ocrx_word' id='word_1_127' title='bbox 419 2195 493 2254; x_wconf 83' lang='lat' dir='ltr'>circa</span> <span class='ocrx_word' id='word_1_128' title='bbox 515 2189 648 2267; x_wconf 88' lang='lat' dir='ltr'>frontem,</span> <span class='ocrx_word' id='word_1_129' title='bbox 671 2197 763 2258; x_wconf 85' lang='lat' dir='ltr'>minus</span> <span class='ocrx_word' id='word_1_130' title='bbox 787 2202 857 2275; x_wconf 86' lang='lat' dir='ltr'>lata,</span> <span class='ocrx_word' id='word_1_131' title='bbox 886 2231 972 2292; x_wconf 78' lang='lat' dir='ltr'>quam</span> 
     </span>
    </p>
   </div>
   <div class='ocr_carea' id='block_1_6' title="bbox 244 2286 972 2526">
    <p class='ocr_par' dir='ltr' id='par_1_6' title="bbox 244 2286 972 2526">
     <span class='ocr_line' id='line_1_21' title="bbox 244 2286 972 2372; baseline 0.029 -30"><span class='ocrx_word' id='word_1_132' title='bbox 244 2288 390 2363; x_wconf 85' lang='lat' dir='ltr'>posterior</span> <span class='ocrx_word' id='word_1_133' title='bbox 433 2287 540 2372; x_wconf 83' lang='lat' dir='ltr'><strong>Figura</strong></span> <span class='ocrx_word' id='word_1_134' title='bbox 555 2286 620 2344; x_wconf 87' lang='lat' dir='ltr'>huic</span> <span class='ocrx_word' id='word_1_135' title='bbox 636 2291 788 2362; x_wconf 83' lang='lat' dir='ltr'>contraria,</span> <span class='ocrx_word' id='word_1_136' title='bbox 811 2297 852 2354; x_wconf 84' lang='lat' dir='ltr'>vel</span> <span class='ocrx_word' id='word_1_137' title='bbox 868 2302 903 2358; x_wconf 92' lang='lat' dir='ltr'>ab</span> <span class='ocrx_word' id='word_1_138' title='bbox 917 2305 972 2362; x_wconf 86' lang='lat' dir='ltr'>hac</span> 
     </span>
     <span class='ocr_line' id='line_1_22' title="bbox 244 2375 971 2464; baseline 0.028 -35"><span class='ocrx_word' id='word_1_139' title='bbox 244 2375 387 2441; x_wconf 85' lang='lat' dir='ltr'>recedens,</span> <span class='ocrx_word' id='word_1_140' title='bbox 417 2375 636 2442; x_wconf 80' lang='lat' dir='ltr'>deformitatem,</span> <span class='ocrx_word' id='word_1_141' title='bbox 667 2394 754 2456; x_wconf 80' lang='lat' dir='ltr'>atque</span> <span class='ocrx_word' id='word_1_142' title='bbox 775 2383 846 2462; x_wconf 89' lang='lat' dir='ltr'>saepe</span> <span class='ocrx_word' id='word_1_143' title='bbox 869 2390 971 2464; x_wconf 89' lang='lat' dir='ltr'>judicii</span> 
     </span>
     <span class='ocr_line' id='line_1_23' title="bbox 244 2459 713 2526; baseline 0.013 -10"><span class='ocrx_word' id='word_1_144' title='bbox 244 2459 392 2526; x_wconf 85' lang='lat' dir='ltr'>laefionem,</span> <span class='ocrx_word' id='word_1_145' title='bbox 413 2459 540 2517; x_wconf 83' lang='lat' dir='ltr'>etinfert</span> <span class='ocrx_word' id='word_1_146' title='bbox 554 2473 583 2517; x_wconf 87' lang='lat' dir='ltr'>et</span> <span class='ocrx_word' id='word_1_147' title='bbox 597 2460 713 2523; x_wconf 84' lang='lat' dir='ltr'>indicat.</span> 
     </span>
    </p>
   </div>
   <div class='ocr_carea' id='block_1_7' title="bbox 138 2548 1053 3550">
    <p class='ocr_par' dir='ltr' id='par_1_7' title="bbox 206 2548 972 3093">
     <span class='ocr_line' id='line_1_24' title="bbox 206 2548 972 2652; baseline 0.042 -51"><span class='ocrx_word' id='word_1_148' title='bbox 206 2549 398 2626; x_wconf 81' lang='lat' dir='ltr'><em>Magnitudo:</em></span> <span class='ocrx_word' id='word_1_149' title='bbox 419 2548 636 2625; x_wconf 82' lang='lat' dir='ltr'>proportionata</span> <span class='ocrx_word' id='word_1_150' title='bbox 658 2553 691 2612; x_wconf 84' lang='lat' dir='ltr'>fit</span> <span class='ocrx_word' id='word_1_151' title='bbox 712 2559 846 2638; x_wconf 85' lang='lat' dir='ltr'>corpori.</span> <span class='ocrx_word' id='word_1_152' title='bbox 869 2589 972 2652; x_wconf 80' lang='lat' dir='ltr'>magna</span> 
     </span>
     <span class='ocr_line' id='line_1_25' title="bbox 243 2634 971 2723; baseline 0.04 -29"><span class='ocrx_word' id='word_1_153' title='bbox 243 2634 317 2694; x_wconf 89' lang='lat' dir='ltr'>enim</span> <span class='ocrx_word' id='word_1_154' title='bbox 346 2636 388 2694; x_wconf 87' lang='lat' dir='ltr'>vel</span> <span class='ocrx_word' id='word_1_155' title='bbox 415 2659 502 2716; x_wconf 80' lang='lat' dir='ltr'>parva</span> <span class='ocrx_word' id='word_1_156' title='bbox 529 2639 624 2711; x_wconf 84' lang='lat' dir='ltr'>nimis,</span> <span class='ocrx_word' id='word_1_157' title='bbox 658 2644 757 2706; x_wconf 87' lang='lat' dir='ltr'>vitium</span> <span class='ocrx_word' id='word_1_158' title='bbox 792 2675 847 2715; x_wconf 90' lang='lat' dir='ltr'>non</span> <span class='ocrx_word' id='word_1_159' title='bbox 882 2659 971 2723; x_wconf 84' lang='lat' dir='ltr'>solum</span> 
     </span>
     <span class='ocr_line' id='line_1_26' title="bbox 245 2730 970 2828; baseline 0.038 -41"><span class='ocrx_word' id='word_1_160' title='bbox 245 2732 352 2810; x_wconf 65' lang='lat' dir='ltr'>form,</span> <span class='ocrx_word' id='word_1_161' title='bbox 380 2730 427 2790; x_wconf 84' lang='lat' dir='ltr'>sed</span> <span class='ocrx_word' id='word_1_162' title='bbox 454 2745 482 2790; x_wconf 91' lang='lat' dir='ltr'>et</span> <span class='ocrx_word' id='word_1_163' title='bbox 501 2735 615 2814; x_wconf 84' lang='lat' dir='ltr'>judicii,</span> <span class='ocrx_word' id='word_1_164' title='bbox 636 2737 803 2821; x_wconf 86' lang='lat' dir='ltr'>plerumque</span> <span class='ocrx_word' id='word_1_165' title='bbox 826 2754 970 2828; x_wconf 83' lang='lat' dir='ltr'>producit.</span> 
     </span>
     <span class='ocr_line' id='line_1_27' title="bbox 246 2824 970 2922; baseline 0.033 -40"><span class='ocrx_word' id='word_1_166' title='bbox 246 2824 362 2882; x_wconf 86' lang='lat' dir='ltr'>Praestat</span> <span class='ocrx_word' id='word_1_167' title='bbox 388 2841 484 2884; x_wconf 79' lang='lat' dir='ltr'>tomen</span> <span class='ocrx_word' id='word_1_168' title='bbox 506 2839 594 2904; x_wconf 85' lang='lat' dir='ltr'>caput</span> <span class='ocrx_word' id='word_1_169' title='bbox 616 2831 713 2907; x_wconf 84' lang='lat' dir='ltr'>paullo</span> <span class='ocrx_word' id='word_1_170' title='bbox 742 2839 842 2914; x_wconf 81' lang='lat' dir='ltr'>majus,</span> <span class='ocrx_word' id='word_1_171' title='bbox 876 2845 970 2922; x_wconf 83' lang='lat' dir='ltr'>capite</span> 
     </span>
     <span class='ocr_line' id='line_1_28' title="bbox 247 2918 970 3006; baseline 0.028 -31"><span class='ocrx_word' id='word_1_172' title='bbox 247 2918 329 2975; x_wconf 87' lang='lat' dir='ltr'>nimis</span> <span class='ocrx_word' id='word_1_173' title='bbox 343 2939 450 2996; x_wconf 83' lang='lat' dir='ltr'>parvo:</span> <span class='ocrx_word' id='word_1_174' title='bbox 474 2919 580 2996; x_wconf 88' lang='lat' dir='ltr'>quippe</span> <span class='ocrx_word' id='word_1_175' title='bbox 590 2920 619 2978; x_wconf 87' lang='lat' dir='ltr'>in</span> <span class='ocrx_word' id='word_1_176' title='bbox 633 2943 691 2998; x_wconf 84' lang='lat' dir='ltr'>quo</span> <span class='ocrx_word' id='word_1_177' title='bbox 704 2923 871 3006; x_wconf 85' lang='lat' dir='ltr'>plerumque</span> <span class='ocrx_word' id='word_1_178' title='bbox 885 2937 970 2994; x_wconf 83' lang='lat' dir='ltr'>etiam</span> 
     </span>
     <span class='ocr_line' id='line_1_29' title="bbox 245 3015 465 3093; baseline 0.005 -24"><span class='ocrx_word' id='word_1_179' title='bbox 245 3035 345 3093; x_wconf 78' lang='lat' dir='ltr'>parum</span> <span class='ocrx_word' id='word_1_180' title='bbox 354 3015 465 3090; x_wconf 87' lang='lat' dir='ltr'>judicii,</span> 
     </span>
    </p>

    <p class='ocr_par' dir='ltr' id='par_1_8' title="bbox 166 3071 1053 3183">
     <span class='ocr_line' id='line_1_30' title="bbox 166 3071 1053 3183; baseline 0.024 -20"><span class='ocrx_word' id='word_1_181' title='bbox 166 3071 179 3124; x_wconf 40' lang='grc' dir='ltr'>ς</span> <span class='ocrx_word' id='word_1_182' title='bbox 207 3109 252 3164; x_wconf 86' lang='lat' dir='ltr'>Sit</span> <span class='ocrx_word' id='word_1_183' title='bbox 242 3121 304 3162; x_wconf 80' lang='lat' dir='ltr'>tres:</span> <span class='ocrx_word' id='word_1_184' title='bbox 325 3123 354 3157; x_wconf 87' lang='lat' dir='ltr'>m</span> <span class='ocrx_word' id='word_1_185' title='bbox 368 3100 494 3178; x_wconf 84' lang='lat' dir='ltr'>suprema</span> <span class='ocrx_word' id='word_1_186' title='bbox 516 3105 642 3183; x_wconf 84' lang='lat' dir='ltr'>corporis</span> <span class='ocrx_word' id='word_1_187' title='bbox 657 3121 800 3183; x_wconf 87' lang='lat' dir='ltr'>parte,1.</span> <span class='ocrx_word' id='word_1_188' title='bbox 816 3129 849 3174; x_wconf 92' lang='lat' dir='ltr'>ut</span> <span class='ocrx_word' id='word_1_189' title='bbox 872 3119 971 3182; x_wconf 72' lang='lat' dir='ltr'>animno</span> <span class='ocrx_word' id='word_1_190' title='bbox 1049 3139 1053 3146; x_wconf 81' lang='grc'><strong>“</strong></span> 
     </span>
    </p>

    <p class='ocr_par' dir='ltr' id='par_1_9' title="bbox 173 3127 974 3286">
     <span class='ocr_line' id='line_1_31' title="bbox 173 3127 974 3286; baseline 0.037 -38"><span class='ocrx_word' id='word_1_191' title='bbox 173 3127 181 3248; x_wconf 85' lang='lat' dir='ltr'>i</span> <span class='ocrx_word' id='word_1_192' title='bbox 246 3197 344 3254; x_wconf 82' lang='lat' dir='ltr'>sedes</span> <span class='ocrx_word' id='word_1_193' title='bbox 334 3217 363 3253; x_wconf 91' lang='lat' dir='ltr'>rn</span> <span class='ocrx_word' id='word_1_194' title='bbox 377 3195 535 3254; x_wconf 75' lang='lat' dir='ltr'>sublimiori</span> <span class='ocrx_word' id='word_1_195' title='bbox 555 3200 588 3257; x_wconf 83' lang='lat' dir='ltr'>fit</span> <span class='ocrx_word' id='word_1_196' title='bbox 601 3200 685 3267; x_wconf 91' lang='lat' dir='ltr'>loco</span> <span class='ocrx_word' id='word_1_197' title='bbox 709 3207 789 3265; x_wconf 80' lang='lat' dir='ltr'>zob</span> <span class='ocrx_word' id='word_1_198' title='bbox 804 3212 974 3286; x_wconf 83' lang='lat' dir='ltr'>utrlrmorem</span> 
     </span>
    </p>

    <p class='ocr_par' dir='ltr' id='par_1_10' title="bbox 173 3256 976 3386">
     <span class='ocr_line' id='line_1_32' title="bbox 173 3256 976 3386; baseline 0.035 -43"><span class='ocrx_word' id='word_1_199' title='bbox 173 3256 180 3386; x_wconf 69' lang='grc' dir='ltr'>Ι</span> <span class='ocrx_word' id='word_1_200' title='bbox 247 3309 419 3368; x_wconf 82' lang='lat' dir='ltr'>organorum</span> <span class='ocrx_word' id='word_1_201' title='bbox 440 3287 576 3360; x_wconf 85' lang='lat' dir='ltr'>sensuum,</span> <span class='ocrx_word' id='word_1_202' title='bbox 598 3312 659 3368; x_wconf 85' lang='lat' dir='ltr'>quae</span> <span class='ocrx_word' id='word_1_203' title='bbox 674 3292 702 3350; x_wconf 91' lang='lat' dir='ltr'>in</span> <span class='ocrx_word' id='word_1_204' title='bbox 715 3317 760 3359; x_wconf 84' lang='lat' dir='ltr'>eo</span> <span class='ocrx_word' id='word_1_205' title='bbox 782 3305 976 3385; x_wconf 79' lang='lat' dir='ltr'>continentur,</span> 
     </span>
    </p>

    <p class='ocr_par' dir='ltr' id='par_1_11' title="bbox 138 3377 980 3512">
     <span class='ocr_line' id='line_1_33' title="bbox 138 3377 980 3512; baseline 0.037 -82.301"><span class='ocrx_word' id='word_1_206' title='bbox 138 3393 182 3512; x_wconf 77' lang='grc' dir='ltr'>Ι</span> <span class='ocrx_word' id='word_1_207' title='bbox 246 3392 279 3434; x_wconf 86' lang='lat' dir='ltr'>et</span> <span class='ocrx_word' id='word_1_208' title='bbox 288 3378 385 3436; x_wconf 83' lang='lat' dir='ltr'>animae</span> <span class='ocrx_word' id='word_1_209' title='bbox 399 3379 475 3456; x_wconf 78' lang='lat' dir='ltr'>quasi</span> <span class='ocrx_word' id='word_1_210' title='bbox 490 3377 635 3440; x_wconf 83' lang='lat' dir='ltr'>satellites</span> <span class='ocrx_word' id='word_1_211' title='bbox 645 3381 749 3475; x_wconf 75' lang='grc' dir='ltr'>[ιιηῐ5’</span> <span class='ocrx_word' id='word_1_212' title='bbox 740 3409 769 3452; x_wconf 85' lang='lat' dir='ltr'>m</span> <span class='ocrx_word' id='word_1_213' title='bbox 791 3389 855 3454; x_wconf 88' lang='lat' dir='ltr'>loco</span> <span class='ocrx_word' id='word_1_214' title='bbox 878 3396 980 3466; x_wconf 83' lang='lat' dir='ltr'>altiori</span> 
     </span>
    </p>

    <p class='ocr_par' dir='ltr' id='par_1_12' title="bbox 247 3473 420 3550">
     <span class='ocr_line' id='line_1_34' title="bbox 247 3473 420 3550; baseline 0.037 -21"><span class='ocrx_word' id='word_1_215' title='bbox 247 3473 420 3550; x_wconf 75' lang='lat' dir='ltr'>positionem</span> 
     </span>
    </p>
   </div>
   <div class='ocr_carea' id='block_1_8' title="bbox 528 3567 976 3664">
    <p class='ocr_par' dir='ltr' id='par_1_13' title="bbox 528 3567 976 3664">
     <span class='ocr_line' id='line_1_35' title="bbox 528 3567 976 3664; baseline 0.04 -38"><span class='ocrx_word' id='word_1_216' title='bbox 528 3567 553 3626; x_wconf 91' lang='lat' dir='ltr'>P</span> <span class='ocrx_word' id='word_1_217' title='bbox 689 3617 693 3626; x_wconf 84' lang='lat'><em>.</em></span> <span class='ocrx_word' id='word_1_218' title='bbox 878 3581 976 3664; x_wconf 77' lang='lat' dir='ltr'>Dr&#39;viso</span> 
     </span>
    </p>
   </div>
   <div class='ocr_carea' id='block_1_9' title="bbox 0 0 1221 4092">
    <p class='ocr_par' dir='ltr' id='par_1_14' title="bbox 0 0 1221 4092">
     <span class='ocr_line' id='line_1_36' title="bbox 0 0 1221 4092; baseline 0 0"><span class='ocrx_word' id='word_1_219' title='bbox 0 0 1221 4092; x_wconf 95' lang='lat' dir='ltr'> </span> 
     </span>
    </p>
   </div>
  </div>
 </body>
</html>
