2390 4082
285 203 334 272 De
368 205 672 270 pilanum.
908 215 948 291 67

92 347 259 425 Substantia
278 367 314 408 ex

160 461 332 519 Membrana
355 464 440 529 tenui,
461 461 666 540 nenlparente,
682 463 841 526 innumerae
857 461 945 522 cellu-

197 553 251 626 las,
267 555 313 616 seu
327 557 447 634 loeulos,
462 558 536 617 inter
551 559 577 618 le
601 560 718 622 invicem
733 563 944 624 communican-

197 663 251 718 tes,
266 650 400 718 habente,
416 665 448 709 nt
461 650 586 710 laniones
600 653 670 712 flatu
683 657 786 716 docent
798 681 807 727 3
830 671 859 716 et

162 753 291 813 Materia
299 749 412 832 pingui,
421 751 524 823 oleosa,
536 753 612 830 quafi
627 754 781 834 butyracea
792 755 946 837 sanguinis,

187 835 314 899 *cellulas
328 841 378 898 has
393 840 539 920 replentez
562 862 597 899 ex
611 845 751 906 arteriolis
766 845 841 905 illius
858 865 946 903 mem·

197 934 306 1000 branae,
321 951 376 988 non
391 951 424 988 ex
438 931 595 1012 glandulis,
609 933 721 994 secreta.
766 937 804 994 ln
815 936 896 994 valde
915 957 945 994 e·

197 1024 325 1087 maciatis
343 1045 406 1081 vero
420 1037 530 1082 tantum
545 1025 620 1084 adest
633 1027 795 1087 membrana
819 1027 869 1086 illa
887 1025 944 1085 cel·

198 1112 298 1180 lulola,
313 1131 329 1169 a
345 1111 462 1170 materia
475 1109 577 1191 pingui
588 1131 684 1171 name.

95 1212 245 1291 Distinllio
256 1205 403 1263 nudorum
414 1203 487 1261 inter
503 1205 611 1279 adipem
621 1203 778 1284 livesevum
791 1217 820 1262 et
828 1208 944 1282 pingue·

136 1283 250 1357 dinem:
265 1291 414 1352 secundum
429 1307 515 1367 quam
528 1288 558 1345 in
571 1288 686 1348 homine
700 1309 757 1348 non
770 1291 854 1348 datur
865 1307 946 1346 verus

136 1389 190 1448 ade
213 1407 236 1444 s.

97 1479 172 1556 Vafiz
183 1409 365 1556 laingnisera,
392 1468 501 1529 arteriae
516 1483 544 1529 et
559 1491 646 1544 vene,
661 1491 676 1530 a
690 1469 832 1552 partibue
846 1467 943 1528 vicinis

136 1570 261 1652 copiosa,
283 1565 397 1628 cellulas
412 1567 640 1628 membranaceas
655 1567 789 1629 adeuntia
814 1582 843 1626 et
866 1567 943 1645 quali

18 1687 19 1718 l
135 1662 283 1746 cingentia
294 1683 303 1730 ;
328 1661 408 1716 nervi
420 1677 486 1716 vero
499 1656 602 1732 pauci:
625 1657 691 1715 hinc
704 1677 803 1736 parum
814 1654 908 1714 sentit.
956 1663 958 1670 '

18 1741 19 1748 ἵ
96 1756 170 1834 Vasa
192 1751 316 1829 adiposa,
338 1759 475 1820 tanquam
493 1741 649 1818 peculiaria
659 1742 732 1811 vasa,
747 1762 763 1800 a
777 1741 947 1818 quibusdam

136 1840 303 1897 adduntur:
325 1851 387 1906 quae
401 1847 466 1884 vero
480 1848 496 1884 a
509 1827 579 1884 nafis
591 1826 755 1885 lateralibus
769 1824 942 1906 {anguifero-

123 1954 198 1992 .rum
213 1944 242 1990 et
256 1923 400 2006 praediais
414 1923 522 1984 cellulis
537 1943 593 1982 non
612 1921 742 1984 distin&
756 1920 806 1980 effe
821 1921 942 1980 arbitra-

136 2044 210 2083 mur·

96 2122 261 2188 Circulatio,
276 2133 374 2185 matus,
387 2117 440 2174 five
454 2115 588 2197 regrellus
603 2112 784 2196 pinguedinis
799 2111 836 2170 ad
849 2128 944 2178 venas,

138 2228 175 2264 ex
188 2203 378 2262 consumtione
393 2205 450 2280 ejus
466 2201 494 2259 in
509 2201 592 2259 certis
609 2199 715 2258 morbis
740 2215 768 2256 et
791 2210 872 2256 motu
886 2193 943 2253 for-

138 2296 209 2354 tiori
222 2295 393 2363 animalium,
409 2295 477 2372 laepe
492 2295 569 2352 valde
584 2295 678 2361 celeri,
694 2295 804 2352 abunde
819 2305 910 2370 patet.

104 2391 195 2466 Usus.-
219 2407 242 2445 1.
261 2389 404 2447 defendere
420 2409 524 2466 corpus
541 2387 691 2445 vestimenti
707 2387 769 2443 loco
785 2406 801 2442 a
815 2384 943 2466 frigore}

149 2499 179 2539 2.
195 2481 312 2540 asalium
325 2483 478 2544 acrimonia
486 2465 499 2550 ’ς
524 2501 551 2558 3.
563 2483 647 2552 cutis,
663 2481 861 2548 musculorum,
877 2480 944 2537 alia·
961 2493 971 2504 ’”

142 2592 263 2648 rumque
275 2575 407 2650 partium,
417 2573 523 2650 'quibus
539 2573 815 2650 interjacenmntum
826 2583 854 2627 et
865 2569 944 2626 flexi-

137 2683 222 2721 onem
248 2664 427 2728 conservare;
451 2684 480 2740 4.
491 2663 617 2742 partium
645 2663 823 2741 quarundam
836 2676 946 2721 motum

137 2749 296 2832 facilitare:
320 2765 353 2808 ut
374 2750 533 2819 oculorum,
562 2750 703 2821 maxillae3
727 2767 755 2828 5.
772 2749 835 2808 loca
858 2769 947 2807 vacua

135 2842 189 2900 five
204 2839 356 2899 interllitia
369 2841 492 2918 replere:
513 2863 572 2918 quo
586 2841 711 2918 respeclu
726 2840 819 2919 primo
833 2843 870 2898 ad
879 2841 944 2918 pul-

135 2930 327 2990 ehritudinem
341 2931 409 2989 fecit
424 2932 453 2988 in
468 2931 551 2999 faeie,
574 2933 661 2999 collo,
684 2931 785 3000 oculis,
797 2930 849 2993 dc.
862 2960 873 3000 ‚·
896 2934 955 2988 de«

133 3021 211 3092 inde,
226 3026 294 3082 dum
309 3022 398 3101 spatia
412 3021 501 3098 replet
516 3021 589 3078 inter
604 3041 698 3088 anum,
722 3022 853 3100 vaginam
872 3017 947 3076 uteri

136 3132 164 3174 et
181 3117 236 3174 nlla
259 3115 352 3184 ischii,
378 3115 460 3173 diclae
486 3129 586 3192 pantes·
598 3113 629 3169 in
642 3105 741 3170 laecum
756 3125 784 3168 et
798 3109 882 3168 foetus
897 3131 945 3168 ex·

134 3207 258 3266 clufione
269 3208 323 3265 rite
338 3207 451 3264 extendi
462 3208 514 3265 five
530 3195 643 3265 dila'tari
658 3202 789 3283 pollun't3
812 3205 842 3261 6.
861 3204 955 3263 dolo-v

134 3300 246 3358 rificum
263 3299 396 3358 attritum
407 3300 569 3376 prohibere,
597 3313 630 3355 ut
653 3298 680 3354 in
695 3296 802 3374 plantis
816 3299 919 3373 pedum
936 3319 950 3366 e

137 3392 269 3467 natibus,
281 3407 310 3453 et
324 3391 408 3472 pubis
422 3394 559 3476 regione3
581 3392 683 3471 quibus
698 3391 852 3474 pulvinaris
863 3395 951 3452 instar

800 3489 944 3568 subjacet3
979 3507 982 3512 ⁴
