2376 4238
274 223 322 286 De
340 221 517 286 Muaeutta
538 225 725 292 Uaaanate.
796 267 800 284 .
882 251 941 316 235

95 382 381 446 Aeternarum
396 381 504 446 urinaee
527 385 577 465 qui
587 387 717 449 oriuntur
725 389 857 470 portiana
868 393 949 452 mus·x

131 485 199 544 culo
211 485 411 564 precedentee
432 484 548 564 partim,
570 499 598 545 et
612 488 753 568 praecipue
775 489 911 568 utrinque
926 511 944 550 a

133 579 303 658 corporibus
316 578 397 655 penis
419 581 555 639 nervosiae
577 579 694 657 oblique
717 595 868 662 pergentes
882 602 941 642 eur·

134 667 220 728 biunt
233 681 328 727 totum
338 667 457 728 bulbum
472 681 501 728 et
510 669 671 730 inferiorem
685 672 863 756 spongiosam
876 696 943 753 par·

131 770 192 818 tetn
206 756 348 825 urethraee
370 770 457 834 atque
471 755 622 828 inlineam,
643 778 706 836 quae
718 780 752 818 ex
761 759 864 820 horum
873 779 943 820 con·

131 850 224 910 cursu
227 848 437 928 saepeefficitur,
458 849 605 929 bulboqne
615 851 750 920 adheret,
771 851 941 913 inseruntur.

132 938 213 998 Hinc
229 940 352 1020 agendo,
372 937 569 1020 constringunt
582 941 704 1000 urethrae
724 955 835 1021 partem
849 943 942 1022 poste·

129 1036 245 1105 tionem,
267 1053 325 1111 quo
340 1034 451 1093 urinam
475 1053 509 1092 ex
536 1035 663 1106 methea,
684 1049 727 1110 at,
747 1039 889 1118 precipue
910 1039 942 1101 in

130 1125 221 1194 coitu,
242 1125 332 1184 senten
346 1125 503 1203 expellunt.

91 1217 259 1276 Santort'nus
274 1218 367 1276 adbuc
381 1236 468 1274 uonna
482 1215 600 1276 arethrae
615 1219 782 1294 projectam
803 1227 831 1276 et
846 1218 939 1279 eleva-

130 1322 202 1371 tores
217 1323 249 1370 ut
263 1324 292 1368 et
300 1311 490 1387 prestaturum
503 1311 634 1390 musculos
648 1309 780 1371 describit
794 1310 863 1391 (a):
886 1315 937 1374 ubi

130 1427 197 1466 vero
209 1417 313 1486 praeter
326 1407 371 1467 ani
385 1405 521 1466 levatores
536 1407 576 1467 nil
597 1408 646 1467 niti
670 1413 846 1470 membranas
871 1409 938 1482 vidi,

127 1525 192 1584 quae
208 1503 281 1563 idem
296 1519 390 1564 tamen
405 1503 537 1583 prestaret
551 1505 664 1584 possunt
678 1519 707 1564 et
722 1504 796 1566 sorte
810 1507 940 1587 quando·

125 1618 183 1676 que
197 1611 309 1659 tantum
324 1597 482 1658 musculosae
497 1600 523 1659 se
537 1599 683 1660 exhibent.
941 1589 943 1592 ¹

85 1695 158 1770 246.
180 1691 419 1752 Mnacutoaun
437 1711 492 1751 tat
507 1705 565 1752 trea
579 1693 666 1774 vulgo
686 1707 879 1769 numerantur,
901 1718 933 1757 u-

125 1803 178 1840 nua
185 1782 316 1859 spinther
328 1793 357 1839 et
370 1781 428 1839 duo
442 1781 580 1842 levatores
596 1781 656 1861 (b).

169 1879 299 1954 Spinlier
311 1880 370 1947 ani,
391 1896 478 1954 quent
492 1874 622 1934 Albinus
641 1876 670 1935 in
689 1876 831 1938 internum
845 1888 875 1935 et
891 1893 940 1934 ex·

128 1872 148 2052 i
209 1987 321 2034 ternum
333 1970 482 2054 distinguit
500 1968 559 2050 (c),
575 1981 731 2029 extremum
743 1968 866 2030 intestini
881 1987 942 2026 rec·
1003 2047 1006 2052 .

104 2071 108 2076 '
131 2058 140 2186 Ι
206 2060 390 2128 ticlaudena,
412 2073 507 2117 ortum
516 2058 612 2118 trahit
635 2079 670 2116 ert
694 2060 752 2121 ima
774 2073 856 2138 parte
878 2056 939 2122 offla

98 2144 101 2150 ’
205 2147 342 2230 coccygia
354 2160 382 2206 et
396 2161 461 2206 cute
472 2148 539 2208 huic
554 2147 698 2229 subjectu
721 2151 834 2229 ejusque
847 2150 938 2221 fibrae,

208 2261 232 2314 a
245 2239 271 2296 se
295 2237 411 2295 invicem
434 2237 619 2314 discedentes,
641 2256 669 2301 et
694 2262 780 2314 aunan
803 2243 938 2322 utrinque

105 2347 109 2352 “
211 2332 376 2404 ambientes,
398 2331 559 2412 ascendunt,
584 2351 671 2416 atque
693 2337 723 2396 in
745 2336 811 2396 viria
825 2337 855 2396 in
868 2359 936 2415 par·

824 2448 826 2456 ¹
877 2441 938 2486 tent

113 2581 337 2652 (a)sbid.p.181
347 2585 413 2653 etsq·
424 2592 490 2640 cons.
501 2584 609 2643 Wanber
621 2590 685 2638 Ten.
698 2587 773 2637 muse.
788 2595 853 2635 artat.
864 2601 886 2651 p.
901 2589 941 2634 181

110 2665 149 2732 (b)
167 2669 196 2716 In
209 2665 280 2718 nullis
292 2671 339 2718 sere
355 2671 465 2720 musculis
481 2671 588 2720 auctores
606 2671 682 2735 magia
701 2667 848 2727 dissentiunt,
864 2681 943 2730 quant

76 2743 101 2792 in
114 2743 276 2794 musculorum
289 2743 327 2795 abi
338 2747 509 2812 descriptione.
527 2745 726 2808 quemadmodum
736 2755 766 2793 ex
777 2738 938 2808 ptaessantiffi·
948 2804 951 2809 ‚

75 2822 120 2870 mia
128 2832 153 2869 et
164 2825 337 2874 accuratisbmia
347 2823 497 2882 anatomicis,
506 2822 649 2871 nominatim
661 2821 758 2880 bolano,
772 2819 941 2880 ntrtnropogr.

75 2893 115 2945 lib.
130 2912 157 2958 5.
150 2913 219 2962 .cap.
232 2917 274 2961 ιο.
308 2904 414 2966 derepere
437 2898 942 2985 Myotont.suanovap.131)oagtat

74 2976 268 3042 Myographiap.
282 2982 324 3025 66.
358 2977 484 3041 Morgagn.
499 2977 598 3024 Advets.
611 2986 675 3023 attat.
688 2973 724 3024 iii.
748 2990 774 3034 p.
793 2980 834 3029 tto.
856 2983 879 3019 et
899 2971 934 3032 sq.

71 3051 185 3102 Santorin.
199 3051 291 3100 observ
306 3065 329 3111 p.
344 3054 403 3110 ¹⁶4·
415 3050 467 3110 seq.
482 3049 660 3110 videtipotest.
679 3064 733 3096 nant
747 3063 797 3094 non
815 3043 915 3092 solum
910 3059 937 3092 tn
1017 3104 1028 3109 ν

72 3141 193 3173 numero.
211 3123 248 3172 sed
259 3137 333 3186 quam
345 3121 449 3169 maxime
459 3119 485 3168 in
498 3121 598 3188 origine,
615 3119 742 3185 progressu,
759 3121 844 3178 cursu,
864 3119 938 3179 figura

70 3214 94 3252 et
105 3199 234 3250 insertione
244 3199 393 3248 describenda
405 3207 529 3261 tantopere
546 3199 648 3258 variant,
666 3212 692 3246 ut
709 3199 772 3245 inter
783 3194 936 3246 se-coneibari

72 3284 114 3333 vix
127 3281 233 3346 poffint:
251 3283 318 3344 quod
329 3279 490 3344 subjectorum
509 3277 645 3338 diversatati,
663 3295 691 3327 an
709 3277 761 3326 abit
773 3276 844 3326 caufia
857 3275 883 3324 stt
897 3274 947 3326 add

73 3359 232 3419 scribendum,
247 3361 341 3410 uberius
353 3358 522 3424 inquirendum
534 3359 586 3408 erit.
620 3361 671 3424 Ego
683 3372 748 3408 nune
766 3373 817 3432 eant
830 3356 936 3422 descrip-

74 3434 166 3482 tionem
177 3433 248 3490 dabo,
265 3432 323 3483 stcut
337 3437 362 3484 in
372 3436 464 3484 ultimis
476 3434 617 3485 settionibua
628 3451 667 3486 eon
678 3434 806 3488 obsetrav'n

107 3509 141 3571 sc)
160 3509 190 3558 ln
202 3507 293 3562 tutor.
307 3511 441 3565 Masculor.
452 3529 477 3582 p.
489 3515 550 3581 677,
