<?xml version="1.0" encoding="UTF-8"?>
<!DOCTYPE html PUBLIC "-//W3C//DTD XHTML 1.0 Transitional//EN"
    "http://www.w3.org/TR/xhtml1/DTD/xhtml1-transitional.dtd">
<html xmlns="http://www.w3.org/1999/xhtml" xml:lang="en" lang="en">
 <head>
  <title>
</title>
<meta http-equiv="Content-Type" content="text/html;charset=utf-8" />
  <meta name='ocr-system' content='tesseract 3.04.00' />
  <meta name='ocr-capabilities' content='ocr_page ocr_carea ocr_par ocr_line ocrx_word'/>
</head>
<body>
  <div class='ocr_page' id='page_1' title='image "./compendiumanato00heisgoog_0219.png"; bbox 0 0 2424 4092; ppageno 0'>
   <div class='ocr_carea' id='block_1_1' title="bbox 244 177 1167 278">
    <p class='ocr_par' dir='ltr' id='par_1_1' title="bbox 244 177 1167 278">
     <span class='ocr_line' id='line_1_1' title="bbox 244 177 1167 278; baseline 0.062 -47"><span class='ocrx_word' id='word_1_1' title='bbox 244 177 301 232; x_wconf 82' lang='lat'><strong>188</strong></span> <span class='ocrx_word' id='word_1_2' title='bbox 373 182 673 278; x_wconf 85' lang='lat' dir='ltr'><strong>COMPEND</strong></span> <span class='ocrx_word' id='word_1_3' title='bbox 715 203 983 274; x_wconf 88' lang='grc' dir='ltr'>ΑΝΑΤΟΜ</span> <span class='ocrx_word' id='word_1_4' title='bbox 1161 219 1167 229; x_wconf 82' lang='grc'>’</span> 
     </span>
    </p>
   </div>
   <div class='ocr_carea' id='block_1_2' title="bbox 283 339 1082 617">
    <p class='ocr_par' dir='ltr' id='par_1_2' title="bbox 368 339 1082 617">
     <span class='ocr_line' id='line_1_2' title="bbox 370 339 1082 452; baseline 0.06 -55"><span class='ocrx_word' id='word_1_5' title='bbox 370 339 379 402; x_wconf 87' lang='lat' dir='ltr'><strong>l</strong></span> <span class='ocrx_word' id='word_1_6' title='bbox 402 345 534 424; x_wconf 82' lang='lat' dir='ltr'><strong>Gnstrr&#39;cae</strong></span> <span class='ocrx_word' id='word_1_7' title='bbox 554 355 646 424; x_wconf 79' lang='lat' dir='ltr'><strong>variae,</strong></span> <span class='ocrx_word' id='word_1_8' title='bbox 679 359 870 435; x_wconf 80' lang='lat' dir='ltr'><strong>Coronarr&#39;am,</strong></span> <span class='ocrx_word' id='word_1_9' title='bbox 892 369 1015 452; x_wconf 73' lang='lat' dir='ltr'><strong>eliasque</strong></span> <span class='ocrx_word' id='word_1_10' title='bbox 1039 401 1082 439; x_wconf 79' lang='lat' dir='ltr'><strong>ve-</strong></span> 
     </span>
     <span class='ocr_line' id='line_1_3' title="bbox 283 429 878 617; baseline 0.062 -134.281"><span class='ocrx_word' id='word_1_11' title='bbox 283 429 379 617; x_wconf 73' lang='grc' dir='ltr'>Ι</span> <span class='ocrx_word' id='word_1_12' title='bbox 442 459 492 496; x_wconf 84' lang='lat' dir='ltr'><strong>nas</strong></span> <span class='ocrx_word' id='word_1_13' title='bbox 505 449 652 507; x_wconf 85' lang='lat' dir='ltr'><strong>ventriculi</strong></span> <span class='ocrx_word' id='word_1_14' title='bbox 667 457 878 520; x_wconf 77' lang='lat' dir='ltr'><strong>constituentes.</strong></span> 
     </span>
    </p>
   </div>
   <div class='ocr_carea' id='block_1_3' title="bbox 283 529 865 830">
    <p class='ocr_par' dir='ltr' id='par_1_3' title="bbox 286 533 842 786">
     <span class='ocr_line' id='line_1_4' title="bbox 402 533 823 614; baseline 0.062 -27"><span class='ocrx_word' id='word_1_15' title='bbox 402 533 474 614; x_wconf 84' lang='lat' dir='ltr'><em>Vasa</em></span> <span class='ocrx_word' id='word_1_16' title='bbox 488 540 591 600; x_wconf 83' lang='lat' dir='ltr'><strong>brevia.</strong></span> <span class='ocrx_word' id='word_1_17' title='bbox 816 585 823 600; x_wconf 60' lang='grc' dir='ltr'><strong>ι</strong></span> 
     </span>
     <span class='ocr_line' id='line_1_5' title="bbox 283 529 865 830; baseline 0.054 -155.162"><span class='ocrx_word' id='word_1_18' title='bbox 283 529 431 830; x_wconf 65' lang='grc' dir='ltr'><strong>ῙΙΡ</strong></span> <span class='ocrx_word' id='word_1_19' title='bbox 364 626 376 689; x_wconf 66' lang='lat' dir='ltr'><strong>l</strong></span> <span class='ocrx_word' id='word_1_20' title='bbox 403 624 552 703; x_wconf 74' lang='lat' dir='ltr'><strong>Epiploicae</strong></span> <span class='ocrx_word' id='word_1_21' title='bbox 564 646 592 690; x_wconf 87' lang='lat' dir='ltr'><strong>et</strong></span> <span class='ocrx_word' id='word_1_22' title='bbox 600 623 707 718; x_wconf 85' lang='lat' dir='ltr'><strong>gastro·</strong></span> <span class='ocrx_word' id='word_1_23' title='bbox 698 644 783 720; x_wconf 82' lang='lat' dir='ltr'><strong>-epipl</strong></span> <span class='ocrx_word' id='word_1_24' title='bbox 779 649 865 704; x_wconf 76' lang='lat' dir='ltr'><strong>nica:</strong></span> 
     </span>
    </p>
   </div>
   <div class='ocr_carea' id='block_1_4' title="bbox 282 699 1082 1248">
    <p class='ocr_par' dir='ltr' id='par_1_4' title="bbox 283 721 1082 1116">
     <span class='ocr_line' id='line_1_6' title="bbox 404 721 991 818; baseline 0.052 -44.397"><span class='ocrx_word' id='word_1_25' title='bbox 404 721 599 784; x_wconf 68' lang='lat' dir='ltr'><strong>Panrrearuae</strong></span> <span class='ocrx_word' id='word_1_26' title='bbox 610 731 718 802; x_wconf 86' lang='lat' dir='ltr'><strong>multae,</strong></span> <span class='ocrx_word' id='word_1_27' title='bbox 739 743 767 794; x_wconf 78' lang='lat' dir='ltr'><strong>et</strong></span> <span class='ocrx_word' id='word_1_28' title='bbox 782 734 991 818; x_wconf 79' lang='lat' dir='ltr'>quandoque</span> 
     </span>
     <span class='ocr_line' id='line_1_7' title="bbox 286 699 785 918; baseline 0.053 -61"><span class='ocrx_word' id='word_1_29' title='bbox 286 789 293 918; x_wconf 80' lang='grc' dir='ltr'>Ι</span> <span class='ocrx_word' id='word_1_30' title='bbox 368 699 380 894; x_wconf 68' lang='lat' dir='ltr'><strong>l</strong></span> <span class='ocrx_word' id='word_1_31' title='bbox 402 809 637 875; x_wconf 83' lang='lat' dir='ltr'><strong>Haemorrboidal</strong></span> <span class='ocrx_word' id='word_1_32' title='bbox 614 819 650 876; x_wconf 80' lang='lat' dir='ltr'><strong>lrs</strong></span> <span class='ocrx_word' id='word_1_33' title='bbox 663 826 785 884; x_wconf 80' lang='lat' dir='ltr'><strong>interna</strong></span> 
     </span>
     <span class='ocr_line' id='line_1_8' title="bbox 282 895 1082 1248; baseline 0.051 -300.051"><span class='ocrx_word' id='word_1_34' title='bbox 282 919 294 1248; x_wconf 67' lang='grc' dir='ltr'>Ι</span> <span class='ocrx_word' id='word_1_35' title='bbox 321 895 457 970; x_wconf 78' lang='lat' dir='ltr'><em>Truncus,</em></span> <span class='ocrx_word' id='word_1_36' title='bbox 479 925 512 960; x_wconf 86' lang='lat' dir='ltr'><strong>ex</strong></span> <span class='ocrx_word' id='word_1_37' title='bbox 535 909 675 970; x_wconf 82' lang='lat' dir='ltr'>radicibus</span> <span class='ocrx_word' id='word_1_38' title='bbox 701 917 834 987; x_wconf 82' lang='lat' dir='ltr'><strong>coalitus,</strong></span> <span class='ocrx_word' id='word_1_39' title='bbox 862 922 950 1000; x_wconf 81' lang='lat' dir='ltr'>hepar</span> <span class='ocrx_word' id='word_1_40' title='bbox 975 928 1082 1000; x_wconf 84' lang='lat' dir='ltr'><strong>adiens,</strong></span> 
     </span>
    </p>
   </div>
   <div class='ocr_carea' id='block_1_5' title="bbox 355 992 1084 1168">
    <p class='ocr_par' dir='ltr' id='par_1_5' title="bbox 355 992 1084 1168">
     <span class='ocr_line' id='line_1_9' title="bbox 355 992 1084 1090; baseline 0.048 -43"><span class='ocrx_word' id='word_1_41' title='bbox 355 992 405 1048; x_wconf 87' lang='lat' dir='ltr'><strong>dat</strong></span> <span class='ocrx_word' id='word_1_42' title='bbox 419 993 545 1071; x_wconf 82' lang='lat' dir='ltr'><strong>Cystirar,</strong></span> <span class='ocrx_word' id='word_1_43' title='bbox 567 1002 723 1078; x_wconf 77' lang='lat' dir='ltr'><strong>Castricam</strong></span> <span class='ocrx_word' id='word_1_44' title='bbox 745 1012 884 1083; x_wconf 84' lang='lat' dir='ltr'><em>dextram,</em></span> <span class='ocrx_word' id='word_1_45' title='bbox 907 1018 1084 1090; x_wconf 72' lang='lat' dir='ltr'><strong>Burrenum,</strong></span> 
     </span>
     <span class='ocr_line' id='line_1_10' title="bbox 358 1086 792 1168; baseline 0.04 -27"><span class='ocrx_word' id='word_1_46' title='bbox 358 1099 388 1142; x_wconf 75' lang='lat' dir='ltr'><strong>ec</strong></span> <span class='ocrx_word' id='word_1_47' title='bbox 400 1086 460 1145; x_wconf 82' lang='lat' dir='ltr'><strong>liaec</strong></span> <span class='ocrx_word' id='word_1_48' title='bbox 473 1089 543 1168; x_wconf 76' lang='lat' dir='ltr'><strong>saepe</strong></span> <span class='ocrx_word' id='word_1_49' title='bbox 560 1095 792 1158; x_wconf 80' lang='lat' dir='ltr'><strong>Panereaticam.</strong></span> 
     </span>
    </p>
   </div>
   <div class='ocr_carea' id='block_1_6' title="bbox 212 1177 1080 1454">
    <p class='ocr_par' dir='ltr' id='par_1_6' title="bbox 212 1177 1080 1454">
     <span class='ocr_line' id='line_1_11' title="bbox 320 1177 1080 1275; baseline 0.033 -42.816"><span class='ocrx_word' id='word_1_50' title='bbox 320 1177 424 1235; x_wconf 80' lang='lat' dir='ltr'><strong>Rami:</strong></span> <span class='ocrx_word' id='word_1_51' title='bbox 446 1179 474 1236; x_wconf 90' lang='lat' dir='ltr'><strong>in</strong></span> <span class='ocrx_word' id='word_1_52' title='bbox 490 1181 602 1260; x_wconf 81' lang='lat' dir='ltr'>hepate,</span> <span class='ocrx_word' id='word_1_53' title='bbox 625 1188 675 1245; x_wconf 92' lang='lat' dir='ltr'><strong>ubi</strong></span> <span class='ocrx_word' id='word_1_54' title='bbox 697 1204 812 1250; x_wconf 87' lang='lat' dir='ltr'><strong>truncus</strong></span> <span class='ocrx_word' id='word_1_55' title='bbox 831 1194 989 1272; x_wconf 83' lang='lat' dir='ltr'><strong>explicari</strong></span> <span class='ocrx_word' id='word_1_56' title='bbox 980 1196 1080 1275; x_wconf 79' lang='lat' dir='ltr'><strong>rncipit</strong></span> 
     </span>
     <span class='ocr_line' id='line_1_12' title="bbox 212 1275 1078 1355; baseline 0.027 -32"><span class='ocrx_word' id='word_1_57' title='bbox 212 1293 218 1302; x_wconf 92' lang='lat'><strong>·</strong></span> <span class='ocrx_word' id='word_1_58' title='bbox 269 1328 271 1334; x_wconf 63' lang='grc'><strong>,</strong></span> <span class='ocrx_word' id='word_1_59' title='bbox 358 1285 385 1328; x_wconf 92' lang='lat' dir='ltr'><strong>et</strong></span> <span class='ocrx_word' id='word_1_60' title='bbox 400 1293 493 1348; x_wconf 84' lang='lat' dir='ltr'><strong>pruno</strong></span> <span class='ocrx_word' id='word_1_61' title='bbox 507 1275 603 1334; x_wconf 87' lang='lat' dir='ltr'><strong>Smum</strong></span> <span class='ocrx_word' id='word_1_62' title='bbox 622 1291 709 1355; x_wconf 83' lang='lat' dir='ltr'><strong>portae</strong></span> <span class='ocrx_word' id='word_1_63' title='bbox 729 1283 892 1343; x_wconf 84' lang='lat' dir='ltr'><strong>constituit:</strong></span> <span class='ocrx_word' id='word_1_64' title='bbox 916 1288 1043 1346; x_wconf 84' lang='lat' dir='ltr'><strong>deinde&#39;</strong></span> <span class='ocrx_word' id='word_1_65' title='bbox 1036 1311 1078 1346; x_wconf 87' lang='grc' dir='ltr'><strong>ιιι·</strong></span> 
     </span>
     <span class='ocr_line' id='line_1_13' title="bbox 357 1363 1079 1454; baseline 0.028 -35"><span class='ocrx_word' id='word_1_66' title='bbox 357 1363 478 1420; x_wconf 86' lang='lat' dir='ltr'><strong>numeris</strong></span> <span class='ocrx_word' id='word_1_67' title='bbox 502 1367 586 1424; x_wconf 85' lang='lat' dir='ltr'><strong>ramis</strong></span> <span class='ocrx_word' id='word_1_68' title='bbox 609 1391 660 1446; x_wconf 88' lang='lat' dir='ltr'><strong>per</strong></span> <span class='ocrx_word' id='word_1_69' title='bbox 683 1371 772 1432; x_wconf 90' lang='lat' dir='ltr'><strong>solum</strong></span> <span class='ocrx_word' id='word_1_70' title='bbox 795 1375 913 1454; x_wconf 87' lang='lat' dir='ltr'>hepar,</span> <span class='ocrx_word' id='word_1_71' title='bbox 910 1379 1079 1470; x_wconf 78' lang='lat' dir='ltr'><strong>sedtutum,</strong></span> 
     </span>
    </p>
   </div>
   <div class='ocr_carea' id='block_1_7' title="bbox 141 1441 1147 2576">
    <p class='ocr_par' dir='ltr' id='par_1_7' title="bbox 356 1455 541 1512">
     <span class='ocr_line' id='line_1_14' title="bbox 356 1455 541 1512; baseline 0 0"><span class='ocrx_word' id='word_1_72' title='bbox 356 1455 541 1512; x_wconf 86' lang='lat' dir='ltr'><strong>distribuitur.</strong></span> 
     </span>
    </p>

    <p class='ocr_par' dir='ltr' id='par_1_8' title="bbox 280 1441 1125 2108">
     <span class='ocr_line' id='line_1_15' title="bbox 280 1441 1076 1640; baseline 0.019 -39"><span class='ocrx_word' id='word_1_73' title='bbox 280 1441 295 1636; x_wconf 70' lang='lat' dir='ltr'><strong>l</strong></span> <span class='ocrx_word' id='word_1_74' title='bbox 318 1547 407 1620; x_wconf 80' lang='lat' dir='ltr'><strong>Uſsrr:</strong></span> <span class='ocrx_word' id='word_1_75' title='bbox 432 1542 497 1622; x_wconf 90' lang='lat' dir='ltr'><strong>(qui</strong></span> <span class='ocrx_word' id='word_1_76' title='bbox 512 1544 586 1602; x_wconf 88' lang='lat' dir='ltr'><strong>idem</strong></span> <span class='ocrx_word' id='word_1_77' title='bbox 601 1548 650 1604; x_wconf 87' lang='lat' dir='ltr'><strong>elle</strong></span> <span class='ocrx_word' id='word_1_78' title='bbox 661 1548 781 1630; x_wconf 65' lang='lat' dir='ltr'><strong>vitietur,</strong></span> <span class='ocrx_word' id='word_1_79' title='bbox 805 1574 838 1611; x_wconf 89' lang='lat' dir='ltr'><strong>ac</strong></span> <span class='ocrx_word' id='word_1_80' title='bbox 851 1574 926 1624; x_wconf 83' lang='lat' dir='ltr'><strong>venae</strong></span> <span class='ocrx_word' id='word_1_81' title='bbox 941 1557 1076 1640; x_wconf 80' lang='lat' dir='ltr'><strong>azygos,)</strong></span> 
     </span>
     <span class='ocr_line' id='line_1_16' title="bbox 354 1641 1078 1727; baseline 0.017 -25"><span class='ocrx_word' id='word_1_82' title='bbox 354 1658 388 1702; x_wconf 90' lang='lat' dir='ltr'><strong>ut</strong></span> <span class='ocrx_word' id='word_1_83' title='bbox 401 1641 538 1700; x_wconf 49' lang='lat' dir='ltr'><strong>nimirum¹</strong></span> <span class='ocrx_word' id='word_1_84' title='bbox 547 1647 657 1722; x_wconf 86' lang='lat' dir='ltr'><strong>pondus</strong></span> <span class='ocrx_word' id='word_1_85' title='bbox 679 1646 821 1727; x_wconf 83' lang='lat' dir='ltr'><strong>sanguinis</strong></span> <span class='ocrx_word' id='word_1_86' title='bbox 836 1650 864 1708; x_wconf 87' lang='lat' dir='ltr'><strong>in</strong></span> <span class='ocrx_word' id='word_1_87' title='bbox 878 1659 947 1711; x_wconf 81' lang='lat' dir='ltr'><strong>vena</strong></span> <span class='ocrx_word' id='word_1_88' title='bbox 968 1676 1034 1715; x_wconf 88' lang='lat' dir='ltr'><strong>cava</strong></span> <span class='ocrx_word' id='word_1_89' title='bbox 1049 1677 1078 1714; x_wconf 86' lang='lat' dir='ltr'><strong>a·</strong></span> 
     </span>
     <span class='ocr_line' id='line_1_17' title="bbox 355 1733 1076 1812; baseline 0.015 -20"><span class='ocrx_word' id='word_1_90' title='bbox 355 1733 511 1792; x_wconf 76' lang='lat' dir='ltr'><strong>frendentis</strong></span> <span class='ocrx_word' id='word_1_91' title='bbox 526 1734 579 1790; x_wconf 88' lang='lat' dir='ltr'><strong>hac</strong></span> <span class='ocrx_word' id='word_1_92' title='bbox 593 1734 651 1812; x_wconf 87' lang='lat' dir='ltr'><strong>ipsa</strong></span> <span class='ocrx_word' id='word_1_93' title='bbox 671 1733 863 1808; x_wconf 70' lang='lat' dir='ltr'><strong>imminuatur,</strong></span> <span class='ocrx_word' id='word_1_94' title='bbox 886 1756 914 1800; x_wconf 88' lang='lat' dir='ltr'><strong>et</strong></span> <span class='ocrx_word' id='word_1_95' title='bbox 928 1743 1033 1802; x_wconf 79' lang='lat' dir='ltr'><strong>reditus</strong></span> <span class='ocrx_word' id='word_1_96' title='bbox 1048 1765 1076 1802; x_wconf 85' lang='lat' dir='ltr'><strong>e·</strong></span> 
     </span>
     <span class='ocr_line' id='line_1_18' title="bbox 348 1833 1125 1916; baseline 0.004 -21"><span class='ocrx_word' id='word_1_97' title='bbox 348 1839 396 1916; x_wconf 85' lang='lat' dir='ltr'><strong>jus</strong></span> <span class='ocrx_word' id='word_1_98' title='bbox 411 1835 463 1891; x_wconf 88' lang='lat' dir='ltr'><strong>five</strong></span> <span class='ocrx_word' id='word_1_99' title='bbox 479 1833 600 1892; x_wconf 83' lang='lat' dir='ltr'><strong>ascensus</strong></span> <span class='ocrx_word' id='word_1_100' title='bbox 614 1836 650 1892; x_wconf 88' lang='lat' dir='ltr'><strong>ad</strong></span> <span class='ocrx_word' id='word_1_101' title='bbox 663 1836 712 1891; x_wconf 87' lang='lat' dir='ltr'><strong>cor</strong></span> <span class='ocrx_word' id='word_1_102' title='bbox 732 1835 896 1896; x_wconf 83' lang='lat' dir='ltr'><strong>facilitetur·.</strong></span> <span class='ocrx_word' id='word_1_103' title='bbox 937 1840 1076 1900; x_wconf 80' lang='lat' dir='ltr'><strong>Attamen</strong></span> <span class='ocrx_word' id='word_1_104' title='bbox 1123 1883 1125 1887; x_wconf 80' lang='lat'>·</span> 
     </span>
     <span class='ocr_line' id='line_1_19' title="bbox 353 1925 1077 1997; baseline 0.017 -11"><span class='ocrx_word' id='word_1_105' title='bbox 353 1927 392 1986; x_wconf 92' lang='lat' dir='ltr'><strong>ob</strong></span> <span class='ocrx_word' id='word_1_106' title='bbox 416 1925 489 1983; x_wconf 88' lang='lat' dir='ltr'><strong>hanc</strong></span> <span class='ocrx_word' id='word_1_107' title='bbox 509 1925 648 1986; x_wconf 84' lang='lat' dir='ltr'><strong>fabrica&#39;rn</strong></span> <span class='ocrx_word' id='word_1_108' title='bbox 668 1928 764 1990; x_wconf 76' lang='lat' dir='ltr'><strong>multis</strong></span> <span class='ocrx_word' id='word_1_109' title='bbox 778 1931 882 1992; x_wconf 83' lang='lat' dir='ltr'><strong>morbis</strong></span> <span class='ocrx_word' id='word_1_110' title='bbox 906 1937 1077 1997; x_wconf 79' lang='lat' dir='ltr'>occasionem</span> 
     </span>
     <span class='ocr_line' id='line_1_20' title="bbox 352 2011 1057 2108; baseline 0.011 -38"><span class='ocrx_word' id='word_1_111' title='bbox 352 2013 461 2092; x_wconf 83' lang='lat' dir='ltr'><strong>praebet</strong></span> <span class='ocrx_word' id='word_1_112' title='bbox 477 2011 540 2092; x_wconf 85' lang='lat' dir='ltr'><em>(a).</em></span> <span class='ocrx_word' id='word_1_113' title='bbox 567 2067 570 2069; x_wconf 84' lang='lat'>.</span> <span class='ocrx_word' id='word_1_114' title='bbox 1054 2103 1057 2108; x_wconf 18' lang='grc'>1</span> 
     </span>
    </p>

    <p class='ocr_par' dir='ltr' id='par_1_9' title="bbox 141 2101 1147 2484">
     <span class='ocr_line' id='line_1_21' title="bbox 141 2101 1074 2208; baseline 0.015 -28"><span class='ocrx_word' id='word_1_115' title='bbox 141 2183 147 2186; x_wconf 71' lang='grc'><strong>,</strong></span> <span class='ocrx_word' id='word_1_116' title='bbox 236 2125 337 2208; x_wconf 84' lang='lat'><strong>298.</strong></span> <span class='ocrx_word' id='word_1_117' title='bbox 328 2125 501 2182; x_wconf 57' lang='grc' dir='ltr'><strong>δινηθῆναι</strong></span> <span class='ocrx_word' id='word_1_118' title='bbox 494 2101 650 2180; x_wconf 47' lang='lat' dir='ltr'><strong>iconstant</strong></span> <span class='ocrx_word' id='word_1_119' title='bbox 672 2145 747 2182; x_wconf 84' lang='lat' dir='ltr'><strong>venae</strong></span> <span class='ocrx_word' id='word_1_120' title='bbox 771 2127 897 2186; x_wconf 71' lang='lat' dir='ltr'><strong>maxima</strong></span> <span class='ocrx_word' id='word_1_121' title='bbox 919 2151 953 2188; x_wconf 82' lang='lat' dir='ltr'><strong>ex</strong></span> <span class='ocrx_word' id='word_1_122' title='bbox 973 2133 1074 2194; x_wconf 80' lang='lat' dir='ltr'><strong>tunicis</strong></span> 
     </span>
     <span class='ocr_line' id='line_1_22' title="bbox 274 2213 1074 2305; baseline 0.013 -31"><span class='ocrx_word' id='word_1_123' title='bbox 274 2213 493 2282; x_wconf 79' lang='lat' dir='ltr'><strong>membranacea,</strong></span> <span class='ocrx_word' id='word_1_124' title='bbox 516 2214 650 2291; x_wconf 84' lang='lat' dir='ltr'><strong>vasculosa</strong></span> <span class='ocrx_word' id='word_1_125' title='bbox 663 2228 690 2271; x_wconf 89' lang='lat' dir='ltr'><strong>et</strong></span> <span class='ocrx_word' id='word_1_126' title='bbox 704 2217 807 2294; x_wconf 76' lang='lat' dir='ltr'><strong>muscus</strong></span> <span class='ocrx_word' id='word_1_127' title='bbox 804 2221 857 2296; x_wconf 74' lang='lat' dir='ltr'><strong>ofir,</strong></span> <span class='ocrx_word' id='word_1_128' title='bbox 873 2219 919 2279; x_wconf 89' lang='lat' dir='ltr'><strong>sed</strong></span> <span class='ocrx_word' id='word_1_129' title='bbox 933 2222 1018 2305; x_wconf 83' lang='lat' dir='ltr'><strong>longe</strong></span> <span class='ocrx_word' id='word_1_130' title='bbox 1033 2239 1074 2291; x_wconf 75' lang='lat' dir='ltr'><strong>te·</strong></span> 
     </span>
     <span class='ocr_line' id='line_1_23' title="bbox 272 2301 1071 2390; baseline 0.015 -27"><span class='ocrx_word' id='word_1_131' title='bbox 272 2306 430 2374; x_wconf 77' lang='lat' dir='ltr'><strong>nuioribus,</strong></span> <span class='ocrx_word' id='word_1_132' title='bbox 465 2325 551 2380; x_wconf 87' lang='lat' dir='ltr'><strong>quam</strong></span> <span class='ocrx_word' id='word_1_133' title='bbox 571 2301 689 2362; x_wconf 84' lang='lat' dir='ltr'><strong>arteriae.</strong></span> <span class='ocrx_word' id='word_1_134' title='bbox 747 2309 851 2368; x_wconf 86' lang='lat' dir='ltr'><strong>Va</strong></span> <span class='ocrx_word' id='word_1_135' title='bbox 791 2310 871 2368; x_wconf 81' lang='lat' dir='ltr'><strong>vuae</strong></span> <span class='ocrx_word' id='word_1_136' title='bbox 880 2313 968 2390; x_wconf 71' lang='lat' dir='ltr'><strong>firmil</strong></span> <span class='ocrx_word' id='word_1_137' title='bbox 968 2331 1071 2376; x_wconf 73' lang='lat' dir='ltr'><strong>enarer</strong></span> 
     </span>
     <span class='ocr_line' id='line_1_24' title="bbox 273 2395 1147 2484; baseline 0.021 -30"><span class='ocrx_word' id='word_1_138' title='bbox 273 2395 302 2454; x_wconf 88' lang='lat' dir='ltr'><strong>in</strong></span> <span class='ocrx_word' id='word_1_139' title='bbox 316 2400 400 2458; x_wconf 84' lang='lat' dir='ltr'><strong>ramis</strong></span> <span class='ocrx_word' id='word_1_140' title='bbox 415 2397 581 2474; x_wconf 87' lang='lat' dir='ltr'><strong>quibusdam</strong></span> <span class='ocrx_word' id='word_1_141' title='bbox 606 2420 680 2458; x_wconf 87' lang='lat' dir='ltr'><strong>venae</strong></span> <span class='ocrx_word' id='word_1_142' title='bbox 707 2423 791 2474; x_wconf 64' lang='lat' dir='ltr'><strong>cavae,</strong></span> <span class='ocrx_word' id='word_1_143' title='bbox 812 2407 996 2484; x_wconf 68' lang='lat' dir='ltr'><strong>presertim</strong></span> <span class='ocrx_word' id='word_1_144' title='bbox 986 2433 1014 2468; x_wconf 88' lang='grc' dir='ltr'><strong>ιιι</strong></span> <span class='ocrx_word' id='word_1_145' title='bbox 1030 2433 1075 2471; x_wconf 88' lang='lat' dir='ltr'><strong>ar·</strong></span> <span class='ocrx_word' id='word_1_146' title='bbox 1143 2407 1147 2412; x_wconf 42' lang='lat'>¹</span> 
     </span>
    </p>

    <p class='ocr_par' dir='ltr' id='par_1_10' title="bbox 216 2487 1077 2576">
     <span class='ocr_line' id='line_1_25' title="bbox 216 2487 1077 2576; baseline 0.019 -31"><span class='ocrx_word' id='word_1_147' title='bbox 216 2499 219 2506; x_wconf 79' lang='lat'><em>&#39;</em></span> <span class='ocrx_word' id='word_1_148' title='bbox 271 2487 357 2548; x_wconf 82' lang='lat' dir='ltr'><strong>tubus</strong></span> <span class='ocrx_word' id='word_1_149' title='bbox 372 2503 401 2546; x_wconf 86' lang='lat' dir='ltr'><strong>et</strong></span> <span class='ocrx_word' id='word_1_150' title='bbox 414 2487 569 2547; x_wconf 79' lang='lat' dir='ltr'><strong>coronariis</strong></span> <span class='ocrx_word' id='word_1_151' title='bbox 592 2489 707 2560; x_wconf 89' lang='lat' dir='ltr'><strong>cordis,</strong></span> <span class='ocrx_word' id='word_1_152' title='bbox 716 2497 801 2553; x_wconf 88' lang='lat' dir='ltr'>modo</span> <span class='ocrx_word' id='word_1_153' title='bbox 824 2497 969 2576; x_wconf 81' lang='lat' dir='ltr'><strong>simplices,</strong></span> <span class='ocrx_word' id='word_1_154' title='bbox 991 2504 1077 2561; x_wconf 88' lang='lat' dir='ltr'><strong>modo</strong></span> 
     </span>
    </p>
   </div>
   <div class='ocr_carea' id='block_1_8' title="bbox 267 2581 1075 2758">
    <p class='ocr_par' dir='ltr' id='par_1_11' title="bbox 267 2581 1075 2758">
     <span class='ocr_line' id='line_1_26' title="bbox 267 2581 1075 2666; baseline 0.024 -28"><span class='ocrx_word' id='word_1_155' title='bbox 267 2581 396 2660; x_wconf 84' lang='lat' dir='ltr'><strong>duplices</strong></span> <span class='ocrx_word' id='word_1_156' title='bbox 414 2581 577 2662; x_wconf 79' lang='lat' dir='ltr'><strong>(b)circuln</strong></span> <span class='ocrx_word' id='word_1_157' title='bbox 599 2583 742 2666; x_wconf 87' lang='lat' dir='ltr'><strong>sanguinis</strong></span> <span class='ocrx_word' id='word_1_158' title='bbox 766 2588 975 2653; x_wconf 83' lang='lat' dir='ltr'><strong>succurrentes.</strong></span> <span class='ocrx_word' id='word_1_159' title='bbox 1005 2599 1075 2660; x_wconf 87' lang='lat' dir='ltr'><strong>dum</strong></span> 
     </span>
     <span class='ocr_line' id='line_1_27' title="bbox 271 2669 933 2758; baseline 0.017 -29"><span class='ocrx_word' id='word_1_160' title='bbox 271 2669 300 2728; x_wconf 84' lang='lat' dir='ltr'><strong>in</strong></span> <span class='ocrx_word' id='word_1_161' title='bbox 315 2673 413 2750; x_wconf 83' lang='lat' dir='ltr'><strong>systole</strong></span> <span class='ocrx_word' id='word_1_162' title='bbox 427 2675 553 2733; x_wconf 89' lang='lat' dir='ltr'><strong>cordis</strong></span> <span class='ocrx_word' id='word_1_163' title='bbox 531 2697 588 2754; x_wconf 72' lang='lat' dir='ltr'><strong>ejus</strong></span> <span class='ocrx_word' id='word_1_164' title='bbox 603 2679 752 2758; x_wconf 85' lang='lat' dir='ltr'><strong>regrellum</strong></span> <span class='ocrx_word' id='word_1_165' title='bbox 766 2681 933 2758; x_wconf 83' lang='lat' dir='ltr'><strong>impediunt.</strong></span> 
     </span>
    </p>
   </div>
   <div class='ocr_carea' id='block_1_9' title="bbox 228 2771 1074 3314">
    <p class='ocr_par' dir='ltr' id='par_1_12' title="bbox 232 2771 1074 3224">
     <span class='ocr_line' id='line_1_28' title="bbox 232 2771 1073 2870; baseline 0.012 -35"><span class='ocrx_word' id='word_1_166' title='bbox 232 2793 300 2854; x_wconf 83' lang='lat'><strong>299·</strong></span> <span class='ocrx_word' id='word_1_167' title='bbox 324 2779 443 2852; x_wconf 81' lang='lat' dir='ltr'><strong>Naavi,</strong></span> <span class='ocrx_word' id='word_1_168' title='bbox 475 2781 538 2857; x_wconf 79' lang='lat' dir='ltr'><strong>sunt</strong></span> <span class='ocrx_word' id='word_1_169' title='bbox 562 2795 655 2858; x_wconf 84' lang='lat' dir='ltr'><strong>partes</strong></span> <span class='ocrx_word' id='word_1_170' title='bbox 679 2771 793 2852; x_wconf 69' lang='lat' dir='ltr'><strong>teretes,</strong></span> <span class='ocrx_word' id='word_1_171' title='bbox 822 2785 989 2859; x_wconf 86' lang='lat' dir='ltr'><strong>albicantes,</strong></span> <span class='ocrx_word' id='word_1_172' title='bbox 1010 2794 1073 2870; x_wconf 79' lang='lat' dir='ltr'><strong>ple.</strong></span> 
     </span>
     <span class='ocr_line' id='line_1_29' title="bbox 270 2872 1073 2959; baseline 0.027 -35"><span class='ocrx_word' id='word_1_173' title='bbox 270 2889 388 2948; x_wconf 86' lang='lat' dir='ltr'><strong>rumque</strong></span> <span class='ocrx_word' id='word_1_174' title='bbox 401 2872 520 2939; x_wconf 82' lang='lat' dir='ltr'><strong>fibrosae,</strong></span> <span class='ocrx_word' id='word_1_175' title='bbox 542 2872 593 2930; x_wconf 88' lang='lat' dir='ltr'><strong>five</strong></span> <span class='ocrx_word' id='word_1_176' title='bbox 614 2893 648 2930; x_wconf 87' lang='lat' dir='ltr'><strong>ex</strong></span> <span class='ocrx_word' id='word_1_177' title='bbox 668 2873 818 2936; x_wconf 79' lang='lat' dir='ltr'><strong>filamentis</strong></span> <span class='ocrx_word' id='word_1_178' title='bbox 831 2883 1005 2959; x_wconf 79' lang='lat' dir='ltr'><strong>compositae,</strong></span> <span class='ocrx_word' id='word_1_179' title='bbox 1027 2911 1073 2948; x_wconf 81' lang='lat' dir='ltr'><strong>or-</strong></span> 
     </span>
     <span class='ocr_line' id='line_1_30' title="bbox 268 2962 1074 3060; baseline 0.026 -43"><span class='ocrx_word' id='word_1_180' title='bbox 268 2973 305 3018; x_wconf 84' lang='lat' dir='ltr'><strong>tae</strong></span> <span class='ocrx_word' id='word_1_181' title='bbox 319 2962 362 3030; x_wconf 82' lang='lat' dir='ltr'><strong>vel</strong></span> <span class='ocrx_word' id='word_1_182' title='bbox 376 2983 390 3020; x_wconf 87' lang='lat' dir='ltr'><strong>e</strong></span> <span class='ocrx_word' id='word_1_183' title='bbox 405 2967 521 3032; x_wconf 76' lang='lat' dir='ltr'><strong>cerebra,</strong></span> <span class='ocrx_word' id='word_1_184' title='bbox 542 2977 591 3020; x_wconf 76' lang='lat' dir='ltr'><strong>aut</strong></span> <span class='ocrx_word' id='word_1_185' title='bbox 605 2964 700 3044; x_wconf 80' lang='lat' dir='ltr'><strong>potius</strong></span> <span class='ocrx_word' id='word_1_186' title='bbox 718 2971 873 3030; x_wconf 83' lang='lat' dir='ltr'><strong>medulla</strong></span> <span class='ocrx_word' id='word_1_187' title='bbox 851 2995 909 3052; x_wconf 74' lang='lat' dir='ltr'><strong>ejus</strong></span> <span class='ocrx_word' id='word_1_188' title='bbox 925 2999 939 3034; x_wconf 91' lang='lat' dir='ltr'><em>o</em></span> <span class='ocrx_word' id='word_1_189' title='bbox 941 2977 1074 3060; x_wconf 64' lang='lat' dir='ltr'><strong>blnngrga</strong></span> 
     </span>
     <span class='ocr_line' id='line_1_31' title="bbox 269 3052 1071 3144; baseline 0.022 -35"><span class='ocrx_word' id='word_1_190' title='bbox 269 3052 299 3108; x_wconf 83' lang='lat' dir='ltr'><strong>in</strong></span> <span class='ocrx_word' id='word_1_191' title='bbox 309 3054 424 3122; x_wconf 81' lang='lat' dir='ltr'><strong>crani03</strong></span> <span class='ocrx_word' id='word_1_192' title='bbox 447 3054 490 3112; x_wconf 85' lang='lat' dir='ltr'><strong>vel</strong></span> <span class='ocrx_word' id='word_1_193' title='bbox 504 3074 519 3111; x_wconf 90' lang='lat' dir='ltr'><strong>e</strong></span> <span class='ocrx_word' id='word_1_194' title='bbox 533 3057 622 3114; x_wconf 81' lang='lat' dir='ltr'><strong>mrdul</strong></span> <span class='ocrx_word' id='word_1_195' title='bbox 622 3055 682 3114; x_wconf 90' lang='lat' dir='ltr'><strong>la</strong></span> <span class='ocrx_word' id='word_1_196' title='bbox 674 3079 704 3114; x_wconf 86' lang='lat'><strong>111</strong></span> <span class='ocrx_word' id='word_1_197' title='bbox 727 3057 804 3136; x_wconf 73' lang='lat' dir='ltr'><strong>[pina</strong></span> <span class='ocrx_word' id='word_1_198' title='bbox 820 3078 912 3144; x_wconf 84' lang='lat' dir='ltr'><strong>atque</strong></span> <span class='ocrx_word' id='word_1_199' title='bbox 925 3066 962 3124; x_wconf 89' lang='lat' dir='ltr'><strong>ab</strong></span> <span class='ocrx_word' id='word_1_200' title='bbox 976 3067 1019 3125; x_wconf 87' lang='lat' dir='ltr'><strong>his</strong></span> <span class='ocrx_word' id='word_1_201' title='bbox 1034 3064 1071 3130; x_wconf 80' lang='lat' dir='ltr'><strong>ad</strong></span> 
     </span>
     <span class='ocr_line' id='line_1_32' title="bbox 268 3145 759 3224; baseline 0.015 -25"><span class='ocrx_word' id='word_1_202' title='bbox 268 3164 365 3202; x_wconf 87' lang='lat' dir='ltr'><strong>omnes</strong></span> <span class='ocrx_word' id='word_1_203' title='bbox 380 3145 507 3222; x_wconf 86' lang='lat' dir='ltr'><strong>corporis</strong></span> <span class='ocrx_word' id='word_1_204' title='bbox 522 3162 616 3224; x_wconf 76' lang='lat' dir='ltr'><strong>partes</strong></span> <span class='ocrx_word' id='word_1_205' title='bbox 632 3149 759 3208; x_wconf 80' lang='lat' dir='ltr'><strong>extenlae.</strong></span> 
     </span>
    </p>

    <p class='ocr_par' dir='ltr' id='par_1_13' title="bbox 228 3232 1069 3314">
     <span class='ocr_line' id='line_1_33' title="bbox 228 3232 1069 3314; baseline 0.014 -24"><span class='ocrx_word' id='word_1_206' title='bbox 228 3232 328 3294; x_wconf 78' lang='lat' dir='ltr'><strong>Dividi</strong></span> <span class='ocrx_word' id='word_1_207' title='bbox 340 3235 451 3314; x_wconf 79' lang='lat' dir='ltr'><strong>lolent</strong></span> <span class='ocrx_word' id='word_1_208' title='bbox 443 3258 471 3294; x_wconf 88' lang='grc' dir='ltr'><strong>ιιι</strong></span> <span class='ocrx_word' id='word_1_209' title='bbox 488 3241 597 3298; x_wconf 78' lang='lat' dir='ltr'><strong>Nervus</strong></span> <span class='ocrx_word' id='word_1_210' title='bbox 612 3244 728 3311; x_wconf 81' lang='lat' dir='ltr'><strong>cerebri,</strong></span> <span class='ocrx_word' id='word_1_211' title='bbox 741 3255 769 3300; x_wconf 84' lang='lat' dir='ltr'><strong>et</strong></span> <span class='ocrx_word' id='word_1_212' title='bbox 782 3242 811 3300; x_wconf 87' lang='lat' dir='ltr'><strong>in</strong></span> <span class='ocrx_word' id='word_1_213' title='bbox 828 3243 931 3304; x_wconf 77' lang='lat' dir='ltr'><strong>Nervus</strong></span> <span class='ocrx_word' id='word_1_214' title='bbox 946 3242 1069 3302; x_wconf 67' lang='lat' dir='ltr'><strong>medulla</strong></span> 
     </span>
    </p>
   </div>
   <div class='ocr_carea' id='block_1_10' title="bbox 939 3333 1068 3412">
    <p class='ocr_par' dir='ltr' id='par_1_14' title="bbox 939 3333 1068 3412">
     <span class='ocr_line' id='line_1_34' title="bbox 939 3333 1068 3412; baseline 0.016 -22"><span class='ocrx_word' id='word_1_215' title='bbox 939 3333 1068 3412; x_wconf 81' lang='lat' dir='ltr'><strong>spinalis.</strong></span> 
     </span>
    </p>
   </div>
   <div class='ocr_carea' id='block_1_11' title="bbox 240 3487 950 3630">
    <p class='ocr_par' dir='ltr' id='par_1_15' title="bbox 240 3487 950 3630">
     <span class='ocr_line' id='line_1_35' title="bbox 242 3487 949 3555; baseline 0.017 -21"><span class='ocrx_word' id='word_1_216' title='bbox 242 3487 280 3554; x_wconf 80' lang='lat' dir='ltr'><strong>(a)</strong></span> <span class='ocrx_word' id='word_1_217' title='bbox 297 3487 353 3536; x_wconf 86' lang='lat' dir='ltr'><strong>Vid.</strong></span> <span class='ocrx_word' id='word_1_218' title='bbox 365 3488 502 3538; x_wconf 70' lang='lat' dir='ltr'><strong>Stnllii&#39;dill.</strong></span> <span class='ocrx_word' id='word_1_219' title='bbox 514 3493 544 3539; x_wconf 79' lang='lat' dir='ltr'><strong>de</strong></span> <span class='ocrx_word' id='word_1_220' title='bbox 554 3491 623 3540; x_wconf 70' lang='lat' dir='ltr'><strong>vena</strong></span> <span class='ocrx_word' id='word_1_221' title='bbox 632 3495 721 3551; x_wconf 73' lang='lat' dir='ltr'><strong>Portae,</strong></span> <span class='ocrx_word' id='word_1_222' title='bbox 739 3505 806 3555; x_wconf 81' lang='lat' dir='ltr'><strong>porta</strong></span> <span class='ocrx_word' id='word_1_223' title='bbox 822 3495 949 3546; x_wconf 73' lang='lat' dir='ltr'><strong>melonum..</strong></span> 
     </span>
     <span class='ocr_line' id='line_1_36' title="bbox 240 3561 950 3630; baseline 0.021 -24"><span class='ocrx_word' id='word_1_224' title='bbox 240 3561 279 3626; x_wconf 75' lang='lat' dir='ltr'><strong>(l)</strong></span> <span class='ocrx_word' id='word_1_225' title='bbox 298 3563 349 3611; x_wconf 83' lang='lat' dir='ltr'><strong>Vid.</strong></span> <span class='ocrx_word' id='word_1_226' title='bbox 364 3561 477 3611; x_wconf 78' lang='lat' dir='ltr'><strong>Fabricius</strong></span> <span class='ocrx_word' id='word_1_227' title='bbox 487 3562 512 3612; x_wconf 83' lang='lat' dir='ltr'><strong>al</strong></span> <span class='ocrx_word' id='word_1_228' title='bbox 524 3567 616 3630; x_wconf 74' lang='lat' dir='ltr'><strong>Aquap.</strong></span> <span class='ocrx_word' id='word_1_229' title='bbox 632 3564 674 3612; x_wconf 82' lang='lat' dir='ltr'><strong>lib.</strong></span> <span class='ocrx_word' id='word_1_230' title='bbox 689 3571 716 3615; x_wconf 80' lang='lat' dir='ltr'><strong>dc</strong></span> <span class='ocrx_word' id='word_1_231' title='bbox 727 3566 817 3616; x_wconf 81' lang='lat' dir='ltr'><strong>olliolis</strong></span> <span class='ocrx_word' id='word_1_232' title='bbox 829 3584 950 3620; x_wconf 71' lang='lat' dir='ltr'><strong>venarum.</strong></span> 
     </span>
    </p>
   </div>
   <div class='ocr_carea' id='block_1_12' title="bbox 0 0 1216 4092">
    <p class='ocr_par' dir='ltr' id='par_1_16' title="bbox 0 0 1216 4092">
     <span class='ocr_line' id='line_1_37' title="bbox 0 0 1216 4092; baseline 0 7"><span class='ocrx_word' id='word_1_233' title='bbox 0 0 1216 4092; x_wconf 95' lang='lat' dir='ltr'><strong> </strong></span> 
     </span>
    </p>
   </div>
  </div>
 </body>
</html>
